@article{aldy2012promise,
  author    = {Aldy, Joseph E. and Stavins, Robert N.},
  title     = {The Promise and Problems of Pricing Carbon},
  journal   = {The Journal of Environment \& Development},
  year      = {2012},
  month     = {apr},
  publisher = {Sage CA: Los Angeles, CA},
  url       = {https://doi.org/10.1177/1070496512442508},
  doi       = {10.1177/1070496512442508}
}

@article{andersson2019carbontaxes,
  author  = {Andersson, Julius J.},
  title   = {Carbon Taxes and CO{\textsubscript{2}} Emissions: Sweden as a Case Study},
  journal = {American Economic Journal - Economic Policy},
  volume  = {11},
  number  = {4},
  pages   = {1--30},
  year    = {2019},
  month   = {nov},
  url     = {https://doi.org/10.1257/pol.20170144},
  doi     = {10.1257/pol.20170144}
}

@misc{bernton2018washington,
  author       = {Bernton, Hal},
  title        = {Washington State Voters Reject Carbon-Fee Initiative},
  howpublished = {The Seattle Times},
  year         = {2018},
  month        = {nov},
  day          = {6},
  url          = {https://www.seattletimes.com/seattle-news/politics/voters-rejecting-carbon-fee-in-first-day-returns/}
}

@article{bistline2023economic,
  author    = {Bistline, John E. T. and others},
  title     = {Economic Implications of the Climate Provisions of the Inflation Reduction Act},
  journal   = {Brookings Papers on Economic Activity},
  volume    = {2023},
  number    = {1},
  pages     = {77--182},
  year      = {2023},
  url       = {https://muse.jhu.edu/pub/1/article/919359}
}

@misc{c2es2025california,
  author       = {{Center for Climate and Energy Solutions}},
  title        = {California Cap and Trade},
  howpublished = {C2ES},
  urldate      = {2025-02-05},
  url          = {https://www.c2es.org/content/california-cap-and-trade/}
}

@techreport{coady2010petroleum,
  author      = {Coady, David and others},
  title       = {Petroleum Product Subsidies: Costly, Inequitable, and Rising},
  institution = {International Monetary Fund},
  type        = {IMF Staff Position Note},
  number      = {SPN/10/01},
  year        = {2010},
  month       = {jan},
  doi         = {10.5089/9781455239108.004},
  url         = {https://doi.org/10.5089/9781455239108.004}
}

@misc{frank2014pricing,
  author       = {Frank, Charles},
  title        = {Pricing Carbon: A Carbon Tax or Cap-and-Trade?},
  howpublished = {Brookings},
  year         = {2014},
  month        = {aug},
  day          = {12},
  url          = {https://www.brookings.edu/articles/pricing-carbon-a-carbon-tax-or-cap-and-trade/}
}

@article{gugler2021effectiveness,
  author  = {Gugler, Klaus and others},
  title   = {Effectiveness of Climate Policies: Carbon Pricing vs. Subsidizing Renewables},
  journal = {Journal of Environmental Economics and Management},
  volume  = {106},
  pages   = {102405},
  year    = {2021},
  month   = {mar},
  doi     = {10.1016/j.jeem.2020.102405},
  url     = {https://doi.org/10.1016/j.jeem.2020.102405}
}

@misc{jabakhanji2024federal,
  author       = {Jabakhanji, Sara},
  title        = {Federal Carbon Tax ‘has to Go,’ Says Ontario Premier},
  howpublished = {CBC News},
  year         = {2024},
  month        = {apr},
  day          = {2},
  url          = {https://www.cbc.ca/news/canada/toronto/doug-ford-carbon-tax-ontario-1.7161131}
}

@misc{marshall2018fast,
  author       = {Marshall, Jonathan and Archer, Robert},
  title        = {10 Fast Facts about Revenue-Neutral Carbon Fees},
  howpublished = {Citizens' Climate Lobby},
  year         = {2018},
  month        = {aug},
  day          = {31},
  url          = {https://citizensclimatelobby.org/blog/policy/10-facts-revenue-neutral-carbon-fees/}
}

@misc{miron2024clean,
  author       = {Miron, Jeffrey},
  title        = {Clean Energy Subsidies vs. A Carbon Tax},
  howpublished = {Cato Institute},
  year         = {2024},
  month        = {jan},
  day          = {22},
  url          = {https://www.cato.org/blog/clean-energy-subsidies-versus-carbon-tax}
}

@article{murray2014effective,
  author    = {Murray, Brian and others},
  title     = {How Effective Are US Renewable Energy Subsidies in Cutting Greenhouse Gases?},
  journal   = {American Economic Review},
  volume    = {104},
  number    = {5},
  pages     = {569--574},
  year      = {2014},
  month     = {may},
  doi       = {10.1257/aer.104.5.569},
  url       = {https://doi.org/10.1257/aer.104.5.569}
}

@article{murray2015british,
  author  = {Murray, Brian and Rivers, Nicholas},
  title   = {British Columbia’s Revenue-Neutral Carbon Tax: A Review of the Latest ‘Grand Experiment’ in Environmental Policy},
  journal = {Energy Policy},
  volume  = {86},
  pages   = {674--683},
  year    = {2015},
  month   = {nov},
  doi     = {10.1016/j.enpol.2015.08.011},
  url     = {https://doi.org/10.1016/j.enpol.2015.08.011}
}

@article{myers1999perverse,
  author  = {Myers, Norman},
  title   = {Perverse Subsidies},
  journal = {RSA Journal},
  volume  = {147},
  number  = {5490},
  pages   = {84--91},
  year    = {1999},
  url     = {https://www.jstor.org/stable/41378805}
}

@book{nrc2013effects,
  author    = {{National Research Council}},
  title     = {Effects of U.S. Tax Policy on Greenhouse Gas Emissions},
  publisher = {National Academies Press},
  year      = {2013},
  doi       = {10.17226/18299},
  url       = {https://doi.org/10.17226/18299}
}

@article{rubin2018yellow,
  author  = {Rubin, Alissa J. and Sengupta, Somini},
  title   = {‘Yellow Vest’ Protests Shake France. Here’s the Lesson for Climate Change},
  journal = {The New York Times},
  year    = {2018},
  month   = {dec},
  day     = {6},
  url     = {https://www.nytimes.com/2018/12/06/world/europe/france-fuel-carbon-tax.html}
}

@misc{aapca2024stats,
  title        = {State Air Trends \& Successes: The StATS Report},
  howpublished = {AAPCA},
  year         = {2024},
  month        = {may},
  day          = {2},
  url          = {https://cleanairact.org/wp-content/uploads/2024/05/2024_AAPCA_StATS_Final.pdf}
}

@misc{subramanian2024indias,
  author       = {Subramanian, Arvind and Sharma, Navneeraj},
  title        = {India’s Climate Dilemma},
  howpublished = {Project Syndicate},
  year         = {2024},
  month        = {jan},
  day          = {10},
  url          = {https://www.project-syndicate.org/commentary/fighting-climate-change-requires-india-cut-electricity-subsidies-by-arvind-subramanian-and-navneeraj-sharma-2024-01}
}

@article{taylor2014australia,
  author  = {Taylor, Rob and Hoyle, Rhiannon},
  title   = {Australia Repeals Carbon Tax},
  journal = {Wall Street Journal},
  year    = {2014},
  month   = {jul},
  day     = {17},
  url     = {http://online.wsj.com/articles/australia-repeals-carbon-tax-1405560964}
}

@techreport{weisbach2023climate,
  author      = {Weisbach, David A. and Kortum, Samuel S.},
  title       = {Climate Change Policy in the International Context: Solving the Carbon Leakage Problem},
  institution = {Social Science Research Network},
  type        = {SSRN Scholarly Paper},
  number      = {4328814},
  year        = {2023},
  month       = {jan},
  day         = {16},
  doi         = {10.2139/ssrn.4328814},
  url         = {https://doi.org/10.2139/ssrn.4328814}
}
