@misc{embryo_asu_one_child_policy,
  title        = {China’s One-Child Policy},
  howpublished = {\emph{Embryo Project Encyclopedia} (Arizona State University)},
  url          = {https://embryo.asu.edu/pages/chinas-one-child-policy},
}

@article{jiang2013_chinas_population_policy_crossroads,
  author  = {Jiang, Quanbao and Li, Shuzhuo and Feldman, Marcus W.},
  title   = {China’s Population Policy at the Crossroads: Social Impacts and Prospects},
  journal = {Asian Journal of Social Science},
  volume  = {41},
  number  = {2},
  pages   = {193--218},
  year    = {2013},
  url     = {https://www.ncbi.nlm.nih.gov/pmc/articles/PMC4657744/},
}

@misc{britannica_consequences_ocp,
  title        = {Consequences of China’s One-Child Policy},
  howpublished = {\emph{Encyclopaedia Britannica}},
  url          = {https://www.britannica.com/topic/one-child-policy/Consequences-of-Chinas-one-child-policy},
}

@misc{investopedia_one_child_policy,
  author       = {Hayes, Adam},
  title        = {One-Child Policy: Definition, Purpose, History, and Birth Rate},
  howpublished = {\emph{Investopedia}},
  url          = {https://www.investopedia.com/terms/o/one-child-policy},
}

@misc{npr_legacy_one_child_policy_2021,
  title        = {The Legacy of the Lasting Effects of China’s 1-Child Policy},
  howpublished = {\emph{NPR}},
  url          = {https://www.npr.org/2021/06/21/1008656293/the-legacy-of-the-lasting-effects-of-chinas-1-child-policy},
}

@misc{pew_2022_key_facts_declining_population,
  title        = {Key Facts About China’s Declining Population},
  howpublished = {\emph{Pew Research Center}},
  url          = {https://www.pewresearch.org/short-reads/2022/12/05/key-facts-about-chinas-declining-population/},
}

@misc{imf_fd_bloom_2020_changing_demographics,
  author       = {Bloom, David E.},
  title        = {Changing Demographics and Economic Growth},
  howpublished = {\emph{Finance \& Development} (IMF)},
  url          = {https://www.imf.org/en/Publications/fandd/issues/2020/03/changing-demographics-and-economic-growth-bloom},
}

@article{jiang2013_crossroads_europepmc_pdf,
  author  = {Jiang, Quanbao and Li, Shuzhuo and Feldman, Marcus W.},
  title   = {China’s Population Policy at the Crossroads: Social Impacts and Prospects},
  journal = {Asian Journal of Social Science},
  volume  = {41},
  number  = {2},
  pages   = {193--218},
  year    = {2013},
  url     = {https://europepmc.org/backend/ptpmcrender.fcgi?accid=PMC4657744&blobtype=pdf},
}

@report{song2020_canterbury_wp14_2020,
  author      = {Song, Zhongchen and Coup{\'e}, Tom and Reed, W. Robert},
  title       = {Estimating the Effect of the One-Child Policy on Chinese Household Savings: Evidence from an Oaxaca Decomposition},
  type        = {Working Paper},
  institution = {University of Canterbury, Department of Economics and Finance},
  number      = {14/2020},
  year        = {2020},
  url         = {https://repec.canterbury.ac.nz/cbt/econwp/2014.pdf},
}

@unpublished{liao2012_one_child_policy_macroeconomic,
  author  = {Liao, Pei-Ju},
  title   = {The One-Child Policy: A Macroeconomic Analysis},
  note    = {Institute of Economics, Academia Sinica},
  year    = {2012},
  url     = {https://homepage.ntu.edu.tw/~pjliaoteach/one_draft042512_final.pdf},
}

@misc{wef_2013_easing_one_child_rule_jin,
  author       = {Jin, Keyu},
  title        = {What Does China’s Easing of the One-Child Rule Mean for the Economy?},
  howpublished = {\emph{World Economic Forum}},
  url          = {https://www.weforum.org/agenda/2013/11/what-does-chinas-easing-of-the-one-child-rule-mean-for-the-economy/},
}

@misc{pbs_newshour_ocp_slowdown,
  title        = {Is China’s One-Child Policy to Blame for Its Economic Slowdown?},
  howpublished = {\emph{PBS NewsHour}},
  url          = {https://www.pbs.org/newshour/economy/is-chinas-one-child-policy-to-blame-for-its-economic-slowdown},
}

@misc{worldbank_genderdata_china,
  title        = {China},
  howpublished = {\emph{World Bank Gender Data Portal}},
  url          = {https://genderdata.worldbank.org/en/economies/china},
}

@misc{eiu_2024_demographic_outlook_2035,
  title        = {China’s Demographic Outlook and Implications for 2035},
  howpublished = {\emph{Economist Intelligence Unit}},
  url          = {https://www.eiu.com/n/chinas-demographic-outlook-and-implications-for-2035/},
}

@misc{prnewswire_2017_ocp_housing_columbia,
  author       = {{Columbia Business School}},
  title        = {Did China’s One-Child Policy Lead to an Inflated Housing Market? New Research from Columbia Business Argues Yes},
  howpublished = {\emph{PR Newswire}},
  url          = {https://www.prnewswire.com/news-releases/did-chinas-one-child-policy-lead-to-an-inflated-housing-market-new-research-from-columbia-business-argues-yes-300573361.html},
}

@misc{imfnews_2024_real_estate_medium_term_slowdown,
  author       = {Hoyle, Henry and Jain-Chandra, Sonali},
  title        = {China’s Real Estate Sector: Managing the Medium-Term Slowdown},
  howpublished = {\emph{IMF News}},
  url          = {https://www.imf.org/en/News/Articles/2024/02/02/cf-chinas-real-estate-sector-managing-the-medium-term-slowdown},
}

@misc{reuters_2021_three_child_policy,
  author       = {Stanway, David and Munroe, Tony},
  title        = {China Says Each Couple Can Have Three Children in Policy Shift},
  howpublished = {\emph{Reuters}},
  url          = {https://www.reuters.com/world/china/china-says-each-couple-can-have-three-children-change-policy-2021-05-31/},
}

@misc{apnews_china_trade_exports_imports,
  author       = {Soo, Zen},
  title        = {China’s Exports Tumble 7.5\% in March and Imports Also Fall as Demand Slows},
  howpublished = {\emph{AP News}},
  url          = {https://apnews.com/article/china-trade-exports-imports-b25c21299101d2483f946a0ce264662f},
}

@misc{bbc_2023_china_economic_problems_a,
  author       = {Marsh, Nick},
  title        = {What China’s Economic Problems Mean for the World},
  howpublished = {\emph{BBC News}},
  url          = {https://www.bbc.com/news/business-66840367},
}

@misc{bbc_2023_china_economic_problems_b,
  author       = {Marsh, Nick},
  title        = {What China’s Economic Problems Mean for the World},
  howpublished = {\emph{BBC News}},
  url          = {https://www.bbc.com/news/business-66840367},
}

@misc{piie_2022_four_years_trade_war_decoupling,
  author       = {Bown, Chad P.},
  title        = {Four Years into the Trade War, Are the US and China Decoupling?},
  howpublished = {\emph{Peterson Institute for International Economics: RealTime Economics}},
  url          = {https://www.piie.com/blogs/realtime-economics/four-years-trade-war-are-us-and-china-decoupling#:~:text=Overall%20the%20trade%20war%20has,have%20since%20recovered%20only%20slowly.},
}

@misc{voxeu_2014_chinas_one_child_policy_saving_puzzle,
  author       = {Coeurdacier, Nicolas and Jin, Keyu and Choukhmane, Taha},
  title        = {China’s One-Child Policy and the Saving Puzzle},
  howpublished = {\emph{VoxEU} (CEPR)},
  url          = {https://cepr.org/voxeu/columns/chinas-one-child-policy-and-saving-puzzle},
}

@report{cbo_2010_china_high_saving_rate,
  author      = {{Congressional Budget Office}},
  title       = {China’s High Saving Rate},
  institution = {Congressional Budget Office},
  number      = {2010-07},
  year        = {2010},
  url         = {https://www.cbo.gov/sites/default/files/111th-congress-2009-2010/workingpaper/2010-07-chinasavingrate_0.pdf},
}

@misc{yale_2014_choukhmane_macro_lunch,
  author       = {Choukhmane, Taha},
  title        = {The One-Child Policy and Household Savings},
  howpublished = {\emph{Yale University Economics Department Macro Lunch}},
  url          = {https://economics.yale.edu/sites/default/files/tahamaclunch100214_2.pdf},
}

@report{song2020_canterbury_wp14_2020_b,
  author      = {Song, Zhongchen and Coup{\'e}, Tom and Reed, W. Robert},
  title       = {Estimating the Effect of the One-Child Policy on Chinese Household Savings: Evidence from an Oaxaca Decomposition},
  type        = {Working Paper},
  institution = {University of Canterbury, Department of Economics and Finance},
  number      = {14/2020},
  year        = {2020},
  url         = {https://repec.canterbury.ac.nz/cbt/econwp/2014.pdf},
}

@misc{projectsyndicate_2021_wei_sex_imbalance,
  author       = {Wei, Shang-Jin},
  title        = {How China’s Sex Imbalance Impacts Savings, Trade, and Workplaces},
  howpublished = {\emph{Project Syndicate}},
  url          = {https://www.project-syndicate.org/commentary/china-sex-imbalance-impact-on-savings-trade-and-workplaces-by-shang-jin-wei-2021-05},
}

@misc{cnbc_2023_property_crisis_global_economy,
  title        = {What China’s Slow-Motion Property Crisis Means for the Global Economy},
  howpublished = {\emph{CNBC}},
  url          = {https://www.cnbc.com/2023/10/27/what-chinas-slow-motion-property-crisis-means-for-the-global-economy.html},
}

@misc{savills_real_estate_markets_invigorated,
  title        = {Real Estate Markets to Be Invigorated as Growing Pool of Buyers and Sellers Look to Make a Splash},
  howpublished = {\emph{Savills} Research Blog},
  url          = {https://www.savills.co.uk/blog/article/356308/commercial-property/real-estate-markets-to-be-invigorated-as-growing-pool-of-buyers-and-sellers-look-to-make-a-splash.aspx},
}

@misc{bloomberg_2024_real_estate_crisis_ripples,
  title        = {China’s Real Estate Crisis Is Starting to Ripple Across the World},
  howpublished = {\emph{Bloomberg News}},
  url          = {https://www.bloomberg.com/news/articles/2024-02-09/china-s-real-estate-crisis-is-starting-to-ripple-across-the-world},
}

@misc{eastasiaforum_2023_diminishing_returns_real_estate,
  title        = {Diminishing Returns on Real Estate Threaten Chinese Economic Growth},
  howpublished = {\emph{East Asia Forum}},
  url          = {https://eastasiaforum.org/2023/12/07/diminishing-returns-on-real-estate-threaten-chinese-economic-growth},
}

@report{fed_ifdp_2019_1260_china_hard_landing_spillovers,
  author      = {Ahmed, Shaghil and others},
  title       = {Global Spillovers of a China Hard Landing},
  type        = {International Finance Discussion Papers},
  number      = {1260},
  institution = {Board of Governors of the Federal Reserve System},
  year        = {2019},
  url         = {https://www.federalreserve.gov/econres/ifdp/files/ifdp1260.pdf},
