@article{bajwa2025,
  author    = {Bajwa, Aasiya},
  title     = {College Board: Non-Profit or Monopoly},
  journal   = {The Morgan PawPrint},
  year      = {2025},
  month     = {jan},
  day       = {15},
  url       = {https://morganpawprint.com/87765/opinion/college-board-non-profit-or-monopoly/?utm_source=chatgpt.com},
  urldate   = {2025-05-25}
}

@misc{desantis2024,
  author       = {De Santis, Frederica},
  title        = {College Board Settles for \$750{,}000 Penalty for Sharing and Selling Student Data in Violation of New York State's Student Privacy Law},
  howpublished = {Goodwin},
  year         = {2024},
  month        = {jun},
  url          = {https://www.goodwinlaw.com/en/insights/blogs/2024/06/college-board-settles-for-750000-penalty-for-sharing-and-selling-student-data-in-violation-of-new-yo},
  urldate      = {2025-05-25}
}

@article{dillard2025,
  author    = {Dillard, George},
  title     = {How the College Board Ate American Education},
  journal   = {Medium},
  year      = {2025},
  month     = {mar},
  day       = {20},
  url       = {https://medium.com/age-of-awareness/how-the-college-board-ate-american-education-3fa0c5ceea3c},
  urldate   = {2025-05-25}
}

@misc{jocz2025,
  author       = {Jocz Productions},
  title        = {The Gilded Age Vs. the College Board: APUSH Teacher Compares},
  howpublished = {YouTube video},
  year         = {2025},
  url          = {https://www.youtube.com/watch?v=pjTeWbStgcs}
}

@misc{hall2021,
  author       = {Hall, Lauren},
  title        = {The College Board's Monopoly on Education},
  howpublished = {The OLu MUSE},
  year         = {2021},
  month        = {oct},
  day          = {4},
  url          = {https://www.olumuse.org/2021/10/04/the-college-boards-monopoly-on-education/},
  urldate      = {2025-05-25}
}

@misc{huang2025,
  author       = {Huang, Michelle},
  title        = {David Coleman Exposed: How He Became the Villain He Is Today},
  howpublished = {The Spectator},
  year         = {2025},
  url          = {https://stuyspec.com/article/david-coleman-exposed-how-he-became-the-villain-he-is-today},
  urldate      = {2025-05-25}
}

@misc{kronsburg2025,
  author       = {Kronsburg, Noah},
  title        = {The College Board: A Case for Antitrust Enforcement Under Section 2 of the Sherman Act},
  howpublished = {Columbia Undergraduate Law Review},
  year         = {2025},
  url          = {https://www.culawreview.org/journal/the-college-board-a-case-for-antitrust-enforcement-under-section-2-of-the-sherman-act?utm_source=chatgpt.com},
  urldate      = {2025-05-25}
}

@article{maimon2025,
  author    = {Maimon, Elaine},
  title     = {The College Board Has Lost Its Way},
  journal   = {The Insider Ed},
  year      = {2025},
  month     = {apr},
  day       = {3},
  url       = {https://www.insidehighered.com/admissions/views/2023/04/03/college-board-deserves-scrutiny-over-more-one-ap-course-opinion},
  urldate   = {2025-05-25}
}

@article{phelps2018,
  author  = {Phelps, Richard},
  title   = {Does College Board Deserve Public Subsidies?},
  journal = {SSRN Electronic Journal},
  year    = {2018},
  doi     = {10.2139/ssrn.3331692},
  url     = {https://doi.org/10.2139/ssrn.3331692}
}

@article{riley2024,
  author    = {Riley, Naomi},
  title     = {The Rotting of the College Board},
  journal   = {Commentary},
  year      = {2024},
  month     = {dec},
  url       = {https://www.commentary.org/articles/naomi-schaefer-riley/college-board-sat-rotting/}
}

@article{tanouye2025,
  author  = {Tanouye, Dylan},
  title   = {The College Board has become indistinguishable from a hedge fund},
  journal = {The Tufts Daily},
  year    = {2025},
  month   = {jan},
  day     = {14}
}

@misc{totalregistration,
  title        = {Total Registration},
  howpublished = {\url{https://www.totalregistration.net/AP-Exam-Registration-Service/Follow-The-Money-History-of-College-Board-Finances.php}}
}

@misc{vishwanath2025,
  author       = {Vishwanath, Maya},
  title        = {Not For Your Profit: College Board's Monopoly Over Higher Education},
  howpublished = {Torch},
  year         = {2025},
  month        = {apr},
  day          = {4},
  url          = {https://slhspress.com/14281/opinion/not-for-your-profit-college-boards-monopoly-over-higher-education/?utm_source=chatgpt.com},
  urldate      = {2025-05-25}
}

@article{white2025,
  author    = {White, Scott},
  title     = {Is The College Board Truly A Nonprofit Or A \$1.6 Billion Testing Monopoly?},
  journal   = {Forbes},
  year      = {2025},
  month     = {may},
  day       = {26},
  url       = {https://www.forbes.com/sites/scottwhite/2025/05/26/the-college-board-exposed-nonprofit-or-16-billion-testing-monopoly-in-disguise/?utm_source=chatgpt.com},
  urldate   = {2025-05-25}
}
