@misc{charles2019farmers,
  author       = {Charles, Dan},
  title        = {Farmers Got Billions From Taxpayers In 2019, And Hardly Anyone Objected},
  howpublished = {NPR, The Salt},
  year         = {2019},
  month        = {dec},
  day          = {31},
  url          = {https://www.npr.org/sections/thesalt/2019/12/31/790261705/farmers-got-billions-from-taxpayers-in-2019-and-hardly-anyone-objected}
}

@techreport{covey2006agincome,
  author       = {Covey, Ted and Green, Robert},
  title        = {Agricultural Income and Finance Outlook},
  institution  = {United States Department of Agriculture},
  number       = {AIS-11-30-2006},
  pages        = {65},
  year         = {2006},
  url          = {https://downloads.usda.library.cornell.edu/usda-esmis/files/w0892992w/r207tr07g/d791sh92r/AIS-11-30-2006.pdf#page=3.06}
}

@techreport{diao2003impact,
  author       = {Diao, Xinshen and Diaz-Bonilla, Engenio and Robinson, Sherman},
  title        = {How Much Does It Hurt? The Impact of Agricultural Trade Policies on Developing Countries},
  institution  = {International Food Policy Research Institute},
  month        = {aug},
  year         = {2003},
  url          = {https://web.archive.org/web/20110726172604/http://www.ifpri.org/sites/default/files/pubs/media/trade/trade.pdf}
}

@misc{edwards2018cbo,
  author       = {Edwards, Chris},
  title        = {CBO Findings on Farm Subsidies},
  howpublished = {Cato Institute},
  year         = {2018},
  month        = {dec},
  day          = {13},
  url          = {https://www.cato.org/blog/cbo-findings-farm-subsidies}
}

@misc{edwards2025corporate,
  author       = {Edwards, Chris},
  title        = {Corporate Welfare in the Federal Budget},
  howpublished = {Cato Institute},
  year         = {2025},
  month        = {mar},
  day          = {4},
  url          = {https://www.cato.org/policy-analysis/corporate-welfare-federal-budget-0}
}

@misc{folsomOrigin,
  author       = {Folsom, Burton W.},
  title        = {The Origin of American Farm Subsidies},
  howpublished = {Foundation for Economic Education},
  note         = {Accessed March 6, 2025},
  url          = {https://fee.org/articles/the-origin-of-american-farm-subsidies/}
}

@misc{lester2023food,
  author       = {Lester, Kelly},
  title        = {Farm Subsidies Are Making Your Food More Expensive},
  howpublished = {John Locke Foundation},
  year         = {2023},
  month        = {apr},
  day          = {20},
  url          = {https://www.johnlocke.org/farm-subsidies-are-making-your-food-more-expensive/}
}

@misc{lincicome2020america,
  author       = {Lincicome, Scott},
  title        = {Examining Americaâ€™s Farm Subsidy Problem},
  howpublished = {Cato Institute},
  year         = {2020},
  month        = {dec},
  day          = {18},
  url          = {https://www.cato.org/commentary/examining-americas-farm-subsidy-problem}
}

@misc{riedl2007harm,
  author       = {Riedl, Brian},
  title        = {How Farm Subsidies Harm Taxpayers, Consumers, and Farmers, Too},
  howpublished = {The Heritage Foundation},
  year         = {2007},
  month        = {jun},
  day          = {20},
  url          = {https://www.heritage.org/agriculture/report/how-farm-subsidies-harm-taxpayers-consumers-and-farmers-too}
}

@article{segal2010food,
  author       = {Segal, Adi},
  title        = {Food Deserts: A Global Crisis in New York City Causes, Impacts and Solutions},
  journal      = {Consilience},
  number       = {3},
  pages        = {197--214},
  year         = {2010},
  url          = {https://www.jstor.org/stable/26167795}
}

@article{thompson2009farm,
  author       = {Thompson, Wyatt and Mishra, Ashok K. and Dewbre, Joe},
  title        = {Farm Household Income and Transfer Efficiency: An Evaluation of United States Farm Program Payments},
  journal      = {American Journal of Agricultural Economics},
  volume       = {91},
  number       = {5},
  pages        = {1296--1301},
  year         = {2009},
  doi          = {10.1111/j.1467-8276.2009.01300.x},
  url          = {https://doi.org/10.1111/j.1467-8276.2009.01300.x}
}

@misc{usafacts2023federal,
  author       = {{USAFacts Team}},
  title        = {Federal Farm Subsidies: What the Data Says},
  howpublished = {USAFacts},
  year         = {2023},
  month        = {oct},
  day          = {5},
  url          = {https://usafacts.org/articles/federal-farm-subsidies-what-data-says/}
}

@article{zhang2022comparative,
  author       = {Zhang, Defeng and Sun, Zhilu},
  title        = {Comparative Advantage of Agricultural Trade in Countries along the Belt and Road and China and Its Dynamic Evolution Characteristics},
  journal      = {Foods},
  volume       = {11},
  number       = {21},
  pages        = {3401},
  year         = {2022},
  month        = {oct},
  day          = {28},
  doi          = {10.3390/foods11213401},
  url          = {https://doi.org/10.3390/foods11213401}
}
