```bibtex

```bibtex
@article{albrecht2013what,
  author    = {Albrecht, Konstanze and Volz, Kirsten G. and Sutter, Matthias and von Cramon, D. Yves},
  title     = {What Do I Want and When Do I Want It: Brain Correlates of Decisions Made for Self and Other},
  journal   = {PLoS ONE},
  volume    = {8},
  number    = {8},
  year      = {2013},
  month     = {aug},
  day       = {22},
  pages     = {e73531},
  doi       = {10.1371/journal.pone.0073531},
  url       = {https://doi.org/10.1371/journal.pone.0073531}
}

@article{allentoft2014extinct,
  author    = {Allentoft, Morten Erik and Heller, Rasmus and Oskam, Charlotte L. and Lorenzen, Eline D. and Hale, Marie L. and Gilbert, M. Thomas P. and Jacomb, Christopher and Holdaway, Richard N. and Bunce, Michael},
  title     = {Extinct New Zealand Megafauna Were Not in Decline before Human Colonization},
  journal   = {Proceedings of the National Academy of Sciences of the United States of America},
  volume    = {111},
  number    = {13},
  pages     = {4922--4927},
  year      = {2014},
  month     = {apr},
  day       = {1},
  doi       = {10.1073/pnas.1314972111},
  url       = {https://doi.org/10.1073/pnas.1314972111}
}

@article{aumann2008frequency,
  author    = {Aumann, Hartmut H. and Ruzmaikin, Alexander and Teixeira, Joao},
  title     = {Frequency of Severe Storms and Global Warming},
  journal   = {Geophysical Research Letters},
  volume    = {35},
  number    = {19},
  year      = {2008},
  doi       = {10.1029/2008GL034562},
  url       = {https://doi.org/10.1029/2008GL034562}
}

@article{baker1995hekla,
  author    = {Baker, Andy and Smart, Peter L. and Barnes, W. L. and Edwards, R. Lawrence and Farrant, Andy},
  title     = {The Hekla 3 Volcanic Eruption Recorded in a Scottish Speleothem?},
  journal   = {The Holocene},
  volume    = {5},
  number    = {3},
  pages     = {336},
  year      = {1995}
}

@misc{ballhatchet2024akbar,
  author       = {Ballhatchet, Kenneth},
  title        = {Akbar},
  howpublished = {Encyclopaedia Britannica},
  year         = {2024},
  month        = {may},
  day          = {27},
  url          = {https://www.britannica.com/biography/Akbar}
}

@article{basri2020wealth,
  author    = {Basri, Pertev and Lawrence, Dan},
  title     = {Wealth Inequality in the Ancient Near East: A Preliminary Assessment Using Gini Coefficients and Household Size},
  journal   = {Cambridge Archaeological Journal},
  volume    = {30},
  number    = {4},
  pages     = {689--704},
  year      = {2020},
  month     = {nov},
  doi       = {10.1017/S0959774320000177},
  url       = {https://doi.org/10.1017/S0959774320000177}
}

@misc{bearak2022world,
  author       = {Bearak, Max and Popovich, Nadja},
  title        = {The World Is Falling Short of Its Climate Goals. Four Big Emitters Show Why},
  howpublished = {The New York Times},
  year         = {2022},
  month        = {nov},
  day          = {8},
  url          = {https://www.nytimes.com/interactive/2022/11/08/climate/cop27-emissions-country-compare.html}
}

@article{berger2006equatorial,
  author    = {Berger, A. and Loutre, M. F. and Mélice, J. L.},
  title     = {Equatorial Insolation: From Precession Harmonics to Eccentricity Frequencies},
  journal   = {Climate of the Past},
  volume    = {2},
  number    = {2},
  pages     = {131--136},
  year      = {2006},
  month     = {oct},
  doi       = {10.5194/cp-2-131-2006},
  url       = {https://doi.org/10.5194/cp-2-131-2006}
}

@article{blanton2020moral,
  author    = {Blanton, Richard E. and Feinman, Gary M. and Kowalewski, Stephen A. and Fargher, Lane F.},
  title     = {Moral Collapse and State Failure: A View From the Past},
  journal   = {Frontiers in Political Science},
  volume    = {2},
  year      = {2020},
  month     = {oct},
  day       = {16},
  doi       = {10.3389/fpos.2020.568704},
  url       = {https://doi.org/10.3389/fpos.2020.568704}
}

@misc{burton2020akhenaten,
  author       = {Burton, Elizabeth},
  title        = {Akhenaten: The Forgotten Pioneer of Atenism and Monotheism},
  howpublished = {TheCollector},
  year         = {2020},
  month        = {may},
  day          = {9},
  url          = {https://www.thecollector.com/akhenaten-monotheism/}
}

@book{carpenter1966discontinuity,
  author    = {Carpenter, Rhys},
  title     = {Discontinuity in Greek Civilization},
  publisher = {Cambridge U.P.},
  address   = {Cambridge ; London},
  year      = {1966},
  url       = {http://archive.org/details/discontinuitying0000carp}
}

@misc{ucar2021predictions,
  author       = {{Center for Science Education}},
  title        = {Predictions of Future Global Climate},
  howpublished = {UCAR Center for Science Education},
  year         = {2021},
  url          = {https://scied.ucar.edu/learning-zone/climate-change-impacts/predictions-future-global-climate}
}

@article{chakraborty2021present,
  author    = {Chakraborty, Anujit},
  title     = {Present Bias},
  journal   = {Econometrica},
  volume    = {89},
  number    = {4},
  pages     = {1921--1961},
  year      = {2021},
  doi       = {10.3982/ECTA16467},
  url       = {https://doi.org/10.3982/ECTA16467}
}


@misc{cheung2020trump,
  author       = {Cheung, Helier},
  title        = {What Does Trump Actually Believe on Climate Change?},
  howpublished = {BBC News},
  year         = {2020},
  month        = {jan},
  day          = {23},
  url          = {https://www.bbc.com/news/world-us-canada-51213003}
}

@article{chowdhury2022agricultural,
  author    = {Chowdhury, Shanjida and Khan, Sunjida and Sarker, Md Fouad Hossain and Islam, Md Kabirul and Tamal, Maruf Ahmed and Khan, Niaz Ahmed},
  title     = {Does Agricultural Ecology Cause Environmental Degradation? Empirical Evidence from Bangladesh},
  journal   = {Heliyon},
  volume    = {8},
  number    = {6},
  pages     = {e09750},
  year      = {2022},
  month     = {jun},
  day       = {18},
  doi       = {10.1016/j.heliyon.2022.e09750},
  url       = {https://doi.org/10.1016/j.heliyon.2022.e09750}
}

@misc{columbia2010angkor,
  author       = {{Columbia Climate School} and {{The Earth Institute}}},
  title        = {Did Climate Influence Angkor’s Collapse?},
  howpublished = {Columbia Climate School},
  year         = {2010},
  month        = {mar},
  day          = {29},
  url          = {https://www.earth.columbia.edu/articles/view/2661}
}

@article{cook2014drying,
  author    = {Cook, Benjamin I. and Smerdon, Jason E. and Seager, Richard and Coats, Sloan},
  title     = {Global Warming and 21st Century Drying},
  journal   = {Climate Dynamics},
  volume    = {43},
  number    = {9},
  pages     = {2607--2627},
  year      = {2014},
  month     = {nov},
  day       = {1},
  doi       = {10.1007/s00382-014-2075-y},
  url       = {https://doi.org/10.1007/s00382-014-2075-y}
}

@article{dai2011drought,
  author    = {Dai, Aiguo},
  title     = {Drought under Global Warming: A Review},
  journal   = {WIREs Climate Change},
  volume    = {2},
  number    = {1},
  pages     = {45--65},
  year      = {2011},
  doi       = {10.1002/wcc.81},
  url       = {https://doi.org/10.1002/wcc.81}
}

@book{diamond2005collapse,
  author    = {Diamond, Jared},
  title     = {Collapse: How Societies Choose to Fail or Succeed},
  publisher = {Penguin},
  year      = {2005}
}

@article{diamond1994ecological,
  author    = {Diamond, Jared},
  title     = {Ecological Collapses of Past Civilizations},
  journal   = {Proceedings of the American Philosophical Society},
  volume    = {138},
  number    = {3},
  pages     = {363--370},
  year      = {1994}
}

@article{diffenbaugh2021wildfire,
  author    = {Diffenbaugh, Noah S. and Konings, Alexandra G. and Field, Christopher B.},
  title     = {Atmospheric Variability Contributes to Increasing Wildfire Weather but Not as Much as Global Warming},
  journal   = {Proceedings of the National Academy of Sciences},
  volume    = {118},
  number    = {46},
  pages     = {e2117876118},
  year      = {2021},
  month     = {nov},
  day       = {16},
  doi       = {10.1073/pnas.2117876118},
  url       = {https://doi.org/10.1073/pnas.2117876118}
}

@misc{dourado2023beginner,
  author       = {Dourado, Eli},
  title        = {A Beginner’s Guide to Sociopolitical Collapse},
  year         = {2023},
  month        = {jan},
  day          = {30},
  url          = {https://www.elidourado.com/p/collapse}
}

@article{ehrenpreis2022historical,
  author    = {Ehrenpreis, Jamie E. and Ehrenpreis, Eli D.},
  title     = {A Historical Perspective of Healthcare Disparity and Infectious Disease in the Native American Population},
  journal   = {The American Journal of the Medical Sciences},
  volume    = {363},
  number    = {4},
  pages     = {288--294},
  year      = {2022},
  month     = {apr},
  doi       = {10.1016/j.amjms.2022.01.005},
  url       = {https://doi.org/10.1016/j.amjms.2022.01.005}
}

@article{emamikhoyi2018mitogenomics,
  author    = {Emami-Khoyi, Arsalan and Paterson, Adrian and Hartley, David and Boren, Laura and Cruickshank, Robert and Ross, James and Else, Terry-Ann},
  title     = {Mitogenomics Data Reveal Effective Population Size, Historical Bottlenecks, and the Effects of Hunting on New Zealand Fur Seals (Arctocephalus forsteri)},
  journal   = {Mitochondrial DNA Part A: DNA Mapping, Sequencing, and Analysis},
  volume    = {29},
  number    = {4},
  pages     = {567--580},
  year      = {2018},
  month     = {jan},
  doi       = {10.1080/24701394.2017.1325478},
  url       = {https://doi.org/10.1080/24701394.2017.1325478}
}

@book{erskine2012companion,
  author    = {Erskine, Andrew},
  title     = {A Companion to Ancient History},
  publisher = {John Wiley \& Sons},
  year      = {2012}
}

@book{fagan2010great,
  author    = {Fagan, Brian},
  title     = {The Great Warming: Climate Change and the Rise and Fall of Civilizations},
  publisher = {Bloomsbury Publishing USA},
  year      = {2010}
}

@misc{gates2018shattuck,
  author       = {Gates, Bill},
  title        = {Shattuck Lecture Innovation for Pandemics},
  howpublished = {Bill \& Melinda Gates Foundation},
  year         = {2018},
  url          = {https://www.gatesfoundation.org/ideas/speeches/2018/04/shattuck-lecture-innovation-for-pandemics}
}

@article{gessen2018photo,
  author  = {Gessen, Masha},
  title   = {The Photo Book That Captured How the Soviet Regime Made the Truth Disappear},
  journal = {The New Yorker},
  year    = {2018},
  month   = {jul},
  day     = {15},
  url     = {https://www.newyorker.com/culture/photo-booth/the-photo-book-that-captured-how-the-soviet-regime-made-the-truth-disappear}
}

@book{gibbon1845decline,
  author    = {Gibbon, Edward},
  title     = {The History of the Decline and Fall of the Roman Empire},
  publisher = {Porter \& Coates},
  address   = {Philadelphia},
  year      = {1845}
}

@article{gill2007drought,
  author    = {Gill, Richardson B. and Mayewski, Paul A. and Nyberg, Johan and Haug, Gerald H. and Peterson, Larry C.},
  title     = {Drought and the Maya Collapse},
  journal   = {Ancient Mesoamerica},
  volume    = {18},
  number    = {2},
  pages     = {283--302},
  year      = {2007},
  month     = {oct},
  doi       = {10.1017/S0956536107000193},
  url       = {https://doi.org/10.1017/S0956536107000193}
}

@misc{nasa2010globalwarming,
  title        = {Global Warming},
  howpublished = {NASA Earth Observatory},
  year         = {2010},
  month        = {jun},
  day          = {3},
  url          = {https://earthobservatory.nasa.gov/features/GlobalWarming/page3.php}
}

@article{goriounova2019genes,
  author    = {Goriounova, Natalia A. and Mansvelder, Huibert D.},
  title     = {Genes, Cells and Brain Areas of Intelligence},
  journal   = {Frontiers in Human Neuroscience},
  volume    = {13},
  pages     = {44},
  year      = {2019},
  month     = {feb},
  day       = {15},
  doi       = {10.3389/fnhum.2019.00044},
  url       = {https://doi.org/10.3389/fnhum.2019.00044}
}

@misc{halpert2014elnino,
  author       = {Halpert, Mike},
  title        = {United States El Ni{\~n}o Impacts},
  howpublished = {NOAA Climate.gov},
  year         = {2014},
  month        = {jun},
  day          = {12},
  url          = {http://www.climate.gov/news-features/blogs/enso/united-states-el-ni%C3%B1o-impacts-0}
}

@book{harris2013ancient,
  editor    = {Harris, William V.},
  title     = {The Ancient Mediterranean Environment between Science and History},
  publisher = {Brill},
  year      = {2013},
  url       = {https://brill.com/edcollbook/title/24269}
}

@book{ipcc2014physical,
  editor    = {{Intergovernmental Panel on Climate Change}},
  title     = {Climate Change 2013: The Physical Science Basis},
  publisher = {Cambridge University Press},
  address   = {New York},
  year      = {2014}
}

@misc{diamond2017youtube,
  author       = {Diamond, Jared},
  title        = {Collapse: How Societies Choose to Fail or Succeed},
  howpublished = {YouTube video},
  year         = {2017},
  url          = {https://www.youtube.com/watch?v=KYegWOTFqGI}
}

@misc{jordan2022pollution,
  author       = {Jordan, Rob},
  title        = {Pollution and Crops},
  howpublished = {Stanford Report},
  year         = {2022},
  month        = {jun},
  day          = {1},
  url          = {https://news.stanford.edu/stories/2022/06/pollution-and-crops}
}

@article{juling2023future,
  author    = {Juling, Dominik},
  title     = {Future Bioterror and Biowarfare Threats for NATO’s Armed Forces until 2030},
  journal   = {Journal of Advanced Military Studies},
  volume    = {14},
  number    = {1},
  pages     = {118--143},
  year      = {2023},
  month     = {jun},
  day       = {30},
  doi       = {10.21140/mcuj.20231401005},
  url       = {https://doi.org/10.21140/mcuj.20231401005}
}

@article{juurakko2021cold,
  author    = {Juurakko, Collin L. and diCenzo, George C. and Walker, Virginia K.},
  title     = {Cold Acclimation and Prospects for Cold-Resilient Crops},
  journal   = {Plant Stress},
  volume    = {2},
  pages     = {100028},
  year      = {2021},
  month     = {dec},
  day       = {1},
  doi       = {10.1016/j.stress.2021.100028},
  url       = {https://doi.org/10.1016/j.stress.2021.100028}
}

@misc{kanter2009warming,
  author       = {Kanter, James},
  title        = {Scientist: Warming Could Cut Population to 1 Billion},
  howpublished = {The New York Times (Opinion)},
  year         = {2009},
  url          = {https://archive.nytimes.com/dotearth.blogs.nytimes.com/2009/03/13/scientist-warming-could-cut-population-to-1-billion/}
}

@misc{kemp2019collapse,
  author       = {Kemp, Luke},
  title        = {Are We on the Road to Civilisation Collapse?},
  howpublished = {BBC Future},
  year         = {2019},
  url          = {https://www.bbc.com/future/article/20190218-are-we-on-the-road-to-civilisation-collapse}
}

@article{kemp2022endgame,
  author    = {Kemp, Luke and Xu, Chi and Depledge, Joanna and Ebi, Kristie L. and Gibbins, Goodwin and Kohler, Timothy A. and Rockstr{\"o}m, Johan and others},
  title     = {Climate Endgame: Exploring Catastrophic Climate Change Scenarios},
  journal   = {Proceedings of the National Academy of Sciences of the United States of America},
  volume    = {119},
  number    = {34},
  pages     = {e2108146119},
  year      = {2022},
  month     = {aug},
  day       = {23},
  doi       = {10.1073/pnas.2108146119},
  url       = {https://doi.org/10.1073/pnas.2108146119}
}

@article{keyes2019ace,
  author    = {Keyes, Amelia T. and Lambert, Kathleen F. and Burtraw, Dallas and Buonocore, Jonathan J. and Levy, Jonathan I. and Driscoll, Charles T.},
  title     = {The Affordable Clean Energy Rule and the Impact of Emissions Rebound on Carbon Dioxide and Criteria Air Pollutant Emissions},
  journal   = {Environmental Research Letters},
  volume    = {14},
  number    = {4},
  pages     = {044018},
  year      = {2019},
  month     = {apr},
  doi       = {10.1088/1748-9326/aafe25},
  url       = {https://doi.org/10.1088/1748-9326/aafe25}
}

@misc{lindsey2024globaltemp,
  author       = {Lindsey, Rebecca and Dahlman, Luann},
  title        = {Climate Change: Global Temperature},
  howpublished = {NOAA Climate.gov},
  year         = {2024},
  month        = {jan},
  day          = {18},
  url          = {http://www.climate.gov/news-features/understanding-climate/climate-change-global-temperature}
}

@misc{lin2022fracking,
  author       = {Lin-Schweitzer, Anna},
  title        = {Integrated Effort Needed to Mitigate Fracking While Protecting Both Humans and the Environment},
  howpublished = {Yale School of Public Health},
  year         = {2022},
  month        = {mar},
  day          = {30},
  url          = {https://ysph.yale.edu/news-article/integrated-effort-needed-to-mitigate-fracking-while-protecting-both-humans-and-the-environment/}
}

@article{lockwood2010cold,
  author    = {Lockwood, M. and Harrison, R. G. and Woollings, T. and Solanki, S. K.},
  title     = {Are Cold Winters in Europe Associated with Low Solar Activity?},
  journal   = {Environmental Research Letters},
  volume    = {5},
  number    = {2},
  pages     = {024001},
  year      = {2010},
  month     = {apr},
  doi       = {10.1088/1748-9326/5/2/024001},
  url       = {https://doi.org/10.1088/1748-9326/5/2/024001}
}

@article{loury2016drought,
  author    = {Loury, Romain},
  title     = {DROUGHT: What next after El Ni{\~n}o? La Ni{\~n}a?},
  journal   = {Spore},
  number    = {183},
  pages     = {8--8},
  year      = {2016}
}

@article{manning2023hittite,
  author    = {Manning, Sturt W. and Kocik, Cindy and Lorentzen, Brita and Sparks, Jed P.},
  title     = {Severe Multi-Year Drought Coincident with Hittite Collapse around 1198--1196 BC},
  journal   = {Nature},
  volume    = {614},
  number    = {7949},
  pages     = {719--724},
  year      = {2023},
  month     = {feb},
  doi       = {10.1038/s41586-022-05693-y},
  url       = {https://doi.org/10.1038/s41586-022-05693-y}
}

@article{mccormick2012climate,
  author    = {McCormick, Michael and B{\"u}ntgen, Ulf and Cane, Mark A. and Cook, Edward R. and Harper, Kyle and Huybers, Peter John and Litt, Thomas and others},
  title     = {Climate Change during and after the Roman Empire: Reconstructing the Past from Scientific and Historical Evidence},
  journal   = {Journal of Interdisciplinary History},
  year      = {2012},
  doi       = {10.1162/JINH\_a\_00379},
  url       = {https://doi.org/10.1162/JINH_a_00379}
}

@misc{mckibben2021they,
  author       = {McKibben, Bill and Speth, James},
  title        = {They Knew: How the U.S. Government Helped Cause the Climate Crisis},
  howpublished = {Yale E360},
  year         = {2021},
  month        = {sep},
  day          = {15},
  url          = {https://e360.yale.edu/features/they-knew-how-the-u-s-government-helped-cause-the-climate-crisis}
}

@article{meehl2005howmuch,
  author    = {Meehl, Gerald A. and Washington, Warren M. and Collins, William D. and Arblaster, Julie M. and Hu, Aixue and Buja, Lawrence E. and Strand, Warren G. and Teng, Haiyan},
  title     = {How Much More Global Warming and Sea Level Rise?},
  journal   = {Science},
  volume    = {307},
  number    = {5716},
  pages     = {1769--1772},
  year      = {2005},
  month     = {mar},
  day       = {18},
  doi       = {10.1126/science.1106663},
  url       = {https://doi.org/10.1126/science.1106663}
}

@misc{nasa2019sunrole,
  author       = {{NASA Science Editorial Team}},
  title        = {What Is the Sun’s Role in Climate Change?},
  howpublished = {NASA Science},
  year         = {2019},
  url          = {https://science.nasa.gov/earth/climate-change/what-is-the-suns-role-in-climate-change/}
}

@misc{nasa2020milankovitch,
  author       = {{NASA Science Editorial Team}},
  title        = {Why Milankovitch (Orbital) Cycles Can’t Explain Earth’s Current Warming},
  howpublished = {NASA Science},
  year         = {2020},
  url          = {https://science.nasa.gov/science-research/earth-science/why-milankovitch-orbital-cycles-cant-explain-earths-current-warming/}
}

@book{natgeo2007visual,
  author    = {{National Geographic Society}},
  title     = {National Geographic Essential Visual History of the World},
  publisher = {National Geographic Books},
  year      = {2007}
}

@misc{nationaltrust2024eastindia,
  author       = {{National Trust}},
  title        = {What Was the East India Company?},
  howpublished = {National Trust},
  year         = {2024},
  month        = {jun},
  day          = {21},
  url          = {https://www.nationaltrust.org.uk/discover/history/what-was-the-east-india-company}
}

@article{nevle2011neotropical,
  author    = {Nevle, Richard and Bird, D. and Ruddiman, W. and Dull, Robert},
  title     = {Neotropical Human–Landscape Interactions, Fire, and Atmospheric CO\textsubscript{2} during European Conquest},
  journal   = {The Holocene},
  volume    = {21},
  pages     = {853--864},
  year      = {2011},
  month     = {jul},
  day       = {29},
  doi       = {10.1177/0959683611404578},
  url       = {https://doi.org/10.1177/0959683611404578}
}

@misc{omer2024hunger,
  author       = {Omer, Sevil},
  title        = {Global Hunger: 7 Facts You Need to Know},
  howpublished = {World Vision Blog},
  year         = {2024},
  month        = {mar},
  day          = {18},
  url          = {https://www.worldvision.org/hunger-news-stories/world-hunger-facts}
}

@misc{paulson2015shorttermism,
  author       = {Paulson, Henry, Jr.},
  title        = {Short-Termism and the Threat from Climate Change},
  howpublished = {McKinsey \& Company},
  year         = {2015},
  month        = {apr},
  day          = {1},
  url          = {https://www.mckinsey.com/capabilities/strategy-and-corporate-finance/our-insights/short-termism-and-the-threat-from-climate-change}
}

@article{pearson2018thera,
  author    = {Pearson, Charlotte L. and Brewer, Peter W. and Brown, David and Heaton, Timothy J. and Hodgins, Gregory W. L. and Jull, A. J. Timothy and Lange, Todd and Salzer, Matthew W.},
  title     = {Annual Radiocarbon Record Indicates 16th Century BCE Date for the Thera Eruption},
  journal   = {Science Advances},
  volume    = {4},
  number    = {8},
  pages     = {eaar8241},
  year      = {2018},
  month     = {aug},
  day       = {15},
  doi       = {10.1126/sciadv.aar8241},
  url       = {https://doi.org/10.1126/sciadv.aar8241}
}

@book{pletcher2010historyindia,
  editor    = {Pletcher, Kenneth},
  title     = {The History of India},
  publisher = {Britannica Educational Publishing},
  year      = {2010}
}

@book{procopius1916vandalic,
  author    = {Procopius},
  title     = {History of the Wars, Books III and IV: The Vandalic War},
  year      = {1916},
  url       = {https://www.gutenberg.org/ebooks/16765/pg16765-images.html}
}

@misc{ranganathan2018feed10billion,
  author       = {Ranganathan, Janet and Waite, Richard and Searchinger, Tim and Hanson, Craig},
  title        = {How to Sustainably Feed 10 Billion People by 2050, in 21 Charts},
  howpublished = {World Resources Institute},
  year         = {2018},
  month        = {dec},
  day          = {5},
  url          = {https://www.wri.org/insights/how-sustainably-feed-10-billion-people-2050-21-charts}
}

@article{rawlence2017blackswans,
  author    = {Rawlence, Nicolas J. and Kardamaki, Afroditi and Easton, Luke J. and Tennyson, Alan J. D. and Scofield, R. Paul and Waters, Jonathan M.},
  title     = {Ancient DNA and Morphometric Analysis Reveal Extinction and Replacement of New Zealand’s Unique Black Swans},
  journal   = {Proceedings of the Royal Society B: Biological Sciences},
  volume    = {284},
  number    = {1859},
  pages     = {20170876},
  year      = {2017},
  month     = {jul},
  day       = {26},
  doi       = {10.1098/rspb.2017.0876},
  url       = {https://doi.org/10.1098/rspb.2017.0876}
}

@misc{rincon2014doggerland,
  author       = {Rincon, Paul},
  title        = {Prehistoric North Sea ‘Atlantis’ Hit by 5m Tsunami},
  howpublished = {BBC News},
  year         = {2014},
  month        = {may},
  day          = {1},
  url          = {https://www.bbc.com/news/science-environment-27224243}
}

@article{rolett2004deforestation,
  author    = {Rolett, Barry and Diamond, Jared},
  title     = {Environmental Predictors of Pre-European Deforestation on Pacific Islands},
  journal   = {Nature},
  volume    = {431},
  number    = {7007},
  pages     = {443--446},
  year      = {2004},
  month     = {sep},
  day       = {23},
  doi       = {10.1038/nature02801},
  url       = {https://doi.org/10.1038/nature02801}
}

@article{santos2015evolutionary,
  author    = {Santos, Laurie R. and Rosati, Alexandra G.},
  title     = {The Evolutionary Roots of Human Decision Making},
  journal   = {Annual Review of Psychology},
  volume    = {66},
  pages     = {321--347},
  year      = {2015},
  month     = {jan},
  day       = {3},
  doi       = {10.1146/annurev-psych-010814-015310},
  url       = {https://doi.org/10.1146/annurev-psych-010814-015310}
}

@article{scheidel2009size,
  author    = {Scheidel, Walter and Friesen, Steven J.},
  title     = {The Size of the Economy and the Distribution of Income in the Roman Empire},
  journal   = {The Journal of Roman Studies},
  volume    = {99},
  pages     = {61--91},
  year      = {2009},
  month     = {nov},
  doi       = {10.3815/007543509789745223},
  url       = {https://doi.org/10.3815/007543509789745223}
}

@misc{shaftel2023vitalsigns,
  author       = {Shaftel, Holly},
  title        = {Climate Change: Vital Signs of the Planet},
  howpublished = {NASA},
  year         = {2023},
  url          = {https://climate.nasa.gov/what-is-climate-change.amp}
}

@misc{simmons2024narcissistic,
  author       = {Simmons, Lee},
  title        = {How Narcissistic Leaders Destroy from Within},
  howpublished = {Stanford Graduate School of Business},
  year         = {2024},
  month        = {may},
  day          = {15},
  url          = {https://www.gsb.stanford.edu/insights/how-narcissistic-leaders-destroy-within}
}

@article{spyrou2018plague,
  author    = {Spyrou, Maria A. and Tukhbatova, Rezeda I. and Wang, Chuan-Chao and Andrades Valtue{\~n}a, Aida and Lankapalli, Aditya K. and Kondrashin, Vitaly V. and Tsybin, Victor A. and others},
  title     = {Analysis of 3800-Year-Old Yersinia Pestis Genomes Suggests Bronze Age Origin for Bubonic Plague},
  journal   = {Nature Communications},
  volume    = {9},
  number    = {1},
  pages     = {2234},
  year      = {2018},
  month     = {jun},
  day       = {8},
  doi       = {10.1038/s41467-018-04550-9},
  url       = {https://doi.org/10.1038/s41467-018-04550-9}
}

@book{stein2010historyindia,
  author    = {Stein, Burton},
  title     = {A History of India},
  publisher = {John Wiley \& Sons},
  year      = {2010}
}

@book{tainter1988collapse,
  author    = {Tainter, Joseph},
  title     = {The Collapse of Complex Societies},
  publisher = {Cambridge University Press},
  year      = {1988}
}

@misc{tainter2023lecture,
  title        = {The Collapse of Complex Societies - Professor Joseph Tainter},
  howpublished = {YouTube video},
  year         = {2023},
  url          = {https://www.youtube.com/watch?v=X3LP5IMWe84}
}

@misc{britannica2024majorian,
  author       = {{The Editors of Encyclopaedia Britannica}},
  title        = {Majorian},
  howpublished = {Encyclopaedia Britannica},
  year         = {2024},
  month        = {mar},
  day          = {25},
  url          = {https://www.britannica.com/biography/Majorian}
}

@misc{un2022causes,
  author       = {{United Nations}},
  title        = {Causes and Effects of Climate Change},
  howpublished = {United Nations},
  year         = {2022},
  url          = {https://www.un.org/en/climatechange/science/causes-effects-climate-change}
}

@misc{un2021biggestthreat,
  author       = {{United Nations}},
  title        = {Climate Change ‘Biggest Threat Modern Humans Have Ever Faced’, World-Renowned Naturalist Tells Security Council, Calls for Greater Global Cooperation},
  howpublished = {United Nations Press},
  year         = {2021},
  url          = {https://press.un.org/en/2021/sc14445.doc.htm}
}

@misc{epa2022airquality,
  author       = {{US EPA, OAR}},
  title        = {Climate Change Impacts on Air Quality},
  howpublished = {Overviews and Factsheets},
  year         = {2022},
  month        = {oct},
  day          = {19},
  url          = {https://www.epa.gov/climateimpacts/climate-change-impacts-air-quality}
}

@article{vermeer2009sealevel,
  author    = {Vermeer, Martin and Rahmstorf, Stefan and Clark, William C.},
  title     = {Global Sea Level Linked to Global Temperature},
  journal   = {Proceedings of the National Academy of Sciences of the United States of America},
  volume    = {106},
  number    = {51},
  pages     = {21527--21532},
  year      = {2009}
}

@article{walter2017polynesian,
  author    = {Walter, Richard and Buckley, Hallie and Jacomb, Chris and Matisoo-Smith, Elizabeth},
  title     = {Mass Migration and the Polynesian Settlement of New Zealand},
  journal   = {Journal of World Prehistory},
  volume    = {30},
  number    = {4},
  pages     = {351--376},
  year      = {2017},
  month     = {dec},
  day       = {1},
  doi       = {10.1007/s10963-017-9110-y},
  url       = {https://doi.org/10.1007/s10963-017-9110-y}
}

@article{wanamaker2012amoc,
  author    = {Wanamaker, Alan D. and Butler, Paul G. and Scourse, James D. and Heinemeier, Jan and Eir{\'i}ksson, J{\'o}n and Knudsen, Karen Luise and Richardson, Christopher A.},
  title     = {Surface Changes in the North Atlantic Meridional Overturning Circulation during the Last Millennium},
  journal   = {Nature Communications},
  volume    = {3},
  pages     = {899},
  year      = {2012},
  month     = {jun},
  day       = {12},
  doi       = {10.1038/ncomms1901},
  url       = {https://doi.org/10.1038/ncomms1901}
}

@misc{weisweiler2022inequality,
  author       = {Weisweiler, John},
  title        = {Inequality},
  howpublished = {Oxford Classical Dictionary},
  year         = {2022},
  doi         = {10.1093/acrefore/9780199381135.013.8257},
  url          = {https://doi.org/10.1093/acrefore/9780199381135.013.8257}
}

@misc{wilmshurst2007deforestation,
  author       = {Wilmshurst, Janet},
  title        = {Pre-European Deforestation},
  howpublished = {Ministry for Culture and Heritage Te Manat{\=u} Taonga},
  year         = {2007},
  url          = {https://teara.govt.nz/en/human-effects-on-the-environment/page-2}
}

@article{wu2020genetic,
  author    = {Wu, Min and Walser, Jean-Claude and Sun, Lei and K{\"o}lliker, Mathias},
  title     = {The Genetic Mechanism of Selfishness and Altruism in Parent-Offspring Coadaptation},
  journal   = {Science Advances},
  volume    = {6},
  number    = {1},
  pages     = {eaaw0070},
  year      = {2020},
  month     = {jan},
  day       = {3},
  doi       = {10.1126/sciadv.aaw0070},
  url       = {https://doi.org/10.1126/sciadv.aaw0070}
}

@incollection{yurko1999end,
  author    = {Yurko, F. J.},
  title     = {End of the Late Bronze Age and Other Crisis Periods: A Volcanic Cause?},
  booktitle = {Gold of Praise: Studies on Ancient Egypt in Honor of Edward F. Wente},
  editor    = {Wente, Edward Frank and Teeter, Emily and Larson, John A.},
  series    = {Studies in Ancient Oriental Civilization},
  number    = {58},
  pages     = {455--463},
  address   = {Chicago, Ill},
  publisher = {Oriental Institute of the University of Chicago},
  year      = {1999}
}
```
