@article{audi1999self,
  author    = {Audi, Robert},
  title     = {Self-Evidence},
  journal   = {Philosophical Perspectives},
  volume    = {13},
  pages     = {205--228},
  year      = {1999},
  url       = {https://www.jstor.org/stable/2676103}
}

@incollection{balaguer2016platonism,
  author    = {Balaguer, Mark},
  title     = {Platonism in Metaphysics},
  booktitle = {The Stanford Encyclopedia of Philosophy (Spring 2016 Edition)},
  editor    = {Zalta, Edward N.},
  publisher = {Metaphysics Research Lab, Stanford University},
  year      = {2016},
  url       = {https://plato.stanford.edu/archives/spr2016/entries/platonism/}
}

@article{barrett2016small,
  author    = {Barrett, H. C. and Bolyanatz, Alexander and Crittenden, Alyssa N. and others},
  title     = {Small-Scale Societies Exhibit Fundamental Variation in the Role of Intentions in Moral Judgment},
  journal   = {Proceedings of the National Academy of Sciences of the United States of America},
  volume    = {113},
  month     = {mar},
  pages     = {4688--4693},
  year      = {2016},
  doi       = {10.1073/pnas.1522070113},
  url       = {https://doi.org/10.1073/pnas.1522070113}
}

@incollection{bealer1998intuition,
  author    = {Bealer, George},
  title     = {Intuition and the Autonomy of Philosophy},
  booktitle = {Rethinking Intuition: The Psychology of Intuition and Its Role in Philosophical Inquiry (Studies in Epistemology and Cognitive Theory)},
  editor    = {Ramsey, William and DePaul, Michael},
  publisher = {Rowman and Littlefield Publishers, Inc},
  year      = {1998}
}

@article{bengson2013experimental,
  author    = {Bengson, John},
  title     = {Experimental Attacks on Intuitions and Answers},
  journal   = {Philosophy and Phenomenological Research},
  volume    = {86},
  number    = {3},
  pages     = {495--532},
  year      = {2013},
  doi       = {10.1111/j.1933-1592.2012.00578.x},
  url       = {https://doi.org/10.1111/j.1933-1592.2012.00578.x}
}

@misc{britannica2024intuition,
  author       = {{The Editors of Encyclopaedia Britannica}},
  title        = {Intuition},
  howpublished = {Encyclop{\ae}dia Britannica},
  year         = {2024},
  month        = {jun},
  day          = {4},
  url          = {https://www.britannica.com/topic/intuition}
}

@article{cecchini2024reliability,
  author    = {Cecchini, Dario},
  title     = {The Reliability Challenge to Moral Intuitions},
  journal   = {Neuroethics},
  volume    = {17},
  number    = {2},
  pages     = {32},
  year      = {2024},
  doi       = {10.1007/s12152-024-09566-1},
  url       = {https://doi.org/10.1007/s12152-024-09566-1}
}

@book{chudnoff2013intuition,
  author    = {Chudnoff, Elijah},
  title     = {Intuition},
  publisher = {OUP Oxford},
  year      = {2013}
}

@book{cuneo2010normative,
  author    = {Cuneo, Terence},
  title     = {The Normative Web: An Argument for Moral Realism},
  publisher = {Oxford University Press},
  year      = {2010}
}

@article{danziger2011extraneous,
  author    = {Danziger, Shai and Levav, Jonathan and Avnaim-Pesso, Liora},
  title     = {Extraneous Factors in Judicial Decisions},
  journal   = {Proceedings of the National Academy of Sciences of the United States of America},
  volume    = {108},
  number    = {17},
  pages     = {6889--6892},
  year      = {2011},
  doi       = {10.1073/pnas.1018033108},
  url       = {https://doi.org/10.1073/pnas.1018033108}
}

@misc{destefano2014reliability,
  author       = {DeStefano, Matthew},
  title        = {The Reliability and Nature of Philosophical Intuitions},
  howpublished = {Theses},
  year         = {2014},
  month        = {apr},
  day          = {24},
  url          = {https://irl.umsl.edu/thesis/256}
}

@incollection{dunning2011kruger,
  author    = {Dunning, David},
  title     = {The Dunning-Kruger Effect: On Being Ignorant of One’s Own Ignorance},
  booktitle = {Advances in Experimental Social Psychology, Vol 44},
  publisher = {Academic Press},
  year      = {2011},
  doi       = {10.1016/B978-0-12-385522-0.00005-6},
  url       = {https://doi.org/10.1016/B978-0-12-385522-0.00005-6}
}

@misc{ethics2024moral,
  author       = {{Ethics Unwrapped}},
  title        = {Moral Philosophy},
  howpublished = {University of Texas at Austin},
  year         = {2024},
  urldate      = {2024-06-29},
  url          = {https://ethicsunwrapped.utexas.edu/glossary/moral-philosophy}
}

@article{goldman2022right,
  author    = {Goldman, Alan H.},
  title     = {The Right Argument from Moral Disagreement},
  journal   = {Theoria},
  volume    = {88},
  number    = {4},
  pages     = {850--867},
  year      = {2022},
  doi       = {10.1111/theo.12401},
  url       = {https://doi.org/10.1111/theo.12401}
}

@article{hayward2019immoral,
  author    = {Hayward, Max Khan},
  title     = {Immoral Realism},
  journal   = {Philosophical Studies},
  volume    = {176},
  number    = {4},
  pages     = {897--914},
  year      = {2019},
  doi       = {10.1007/s11098-018-1218-0},
  url       = {https://doi.org/10.1007/s11098-018-1218-0}
}

@book{huemer2005ethical,
  author    = {Huemer, Michael},
  title     = {Ethical Intuitionism},
  publisher = {Palgrave Macmillan},
  year      = {2005}
}

@book{joyce2007evolution,
  author    = {Joyce, Richard},
  title     = {The Evolution of Morality},
  publisher = {MIT Press},
  year      = {2007}
}

@article{koriat2012self,
  author    = {Koriat, Asher},
  title     = {The Self-Consistency Model of Subjective Confidence},
  journal   = {Psychological Review},
  volume    = {119},
  number    = {1},
  pages     = {80--113},
  year      = {2012},
  doi       = {10.1037/a0025648},
  url       = {https://doi.org/10.1037/a0025648}
}

@incollection{lillehammer2019queerness,
  author    = {Lillehammer, Hallvard},
  title     = {The Argument from Queerness},
  booktitle = {The International Encyclopedia of Ethics},
  editor    = {LaFollette, Hugh},
  publisher = {John Wiley \& Sons},
  year      = {2019},
  doi       = {10.1002/9781444367072.wbiee060.pub3},
  url       = {https://doi.org/10.1002/9781444367072.wbiee060.pub3}
}

@book{mackie1978ethics,
  author    = {Mackie, J. L.},
  title     = {Ethics: Inventing Right and Wrong},
  publisher = {Penguin Books},
  address   = {Harmondsworth, Middlesex},
  year      = {1978},
  url       = {http://archive.org/details/ethicsinventingr00mack}
}

@misc{merriam2024desert,
  author       = {{Merriam-Webster}},
  title        = {Desert},
  year         = {2024},
  month        = {jun},
  day          = {18},
  url          = {https://www.merriam-webster.com/dictionary/desert}
}

@article{morton2016new,
  author    = {Morton, Justin},
  title     = {A New Evolutionary Debunking Argument Against Moral Realism},
  journal   = {Journal of the American Philosophical Association},
  volume    = {2},
  number    = {2},
  pages     = {233--253},
  year      = {2016},
  doi       = {10.1017/apa.2016.14},
  url       = {https://doi.org/10.1017/apa.2016.14}
}

@article{nisan1987moral,
  author    = {Nisan, Mordecai},
  title     = {Moral Norms and Social Conventions: A Cross-Cultural Comparison},
  journal   = {Developmental Psychology},
  volume    = {23},
  number    = {5},
  pages     = {719--725},
  year      = {1987},
  doi       = {10.1037/0012-1649.23.5.719},
  url       = {https://doi.org/10.1037/0012-1649.23.5.719}
}

@article{ogar2016critique,
  author    = {Ogar, Joseph and Anyim, Nwachukwu M. and Ogar, Tom E.},
  title     = {A Critique of Ethical Intuitionism as the Foundation of Knowledge},
  journal   = {African Educational Research Journal},
  volume    = {4},
  number    = {1},
  pages     = {8--12},
  year      = {2016}
}

@book{olson2014moral,
  author    = {Olson, Jonas},
  title     = {Moral Error Theory: History, Critique, Defence},
  publisher = {Oxford University Press},
  year      = {2014},
  doi       = {10.1093/acprof:oso/9780198701934.001.0001},
  url       = {https://doi.org/10.1093/acprof:oso/9780198701934.001.0001}
}

@misc{rutten2010parity,
  author       = {Rutten, Emanuel},
  title        = {On Cuneo’s Defence of The Parity Premise},
  year         = {2010},
  doi         = {10.2139/ssrn.1876406},
  url          = {https://doi.org/10.2139/ssrn.1876406}
}

@misc{scholl2015defense,
  author       = {Scholl, Joshua Adrian},
  title        = {A Defense of Mackie’s Moral Error Theory: Essays on the Argument from Queerness and Formulation Problems},
  year         = {2015},
  month        = {may},
  url          = {https://hdl.handle.net/10657/6547}
}

@book{shaferlandau2004good,
  author    = {Shafer-Landau, Russ},
  title     = {Whatever Happened to Good and Evil?},
  publisher = {Oxford University Press},
  year      = {2004}
}

@book{sidgwick1907methods,
  author    = {Sidgwick, Henry},
  title     = {The Methods of Ethics},
  publisher = {Macmillan},
  address   = {London},
  year      = {1907},
  url       = {http://archive.org/details/methodsofethics00sidguoft}
}

@incollection{singer2009ethics,
  author    = {Singer, Peter},
  title     = {Ethics and Intuitions},
  booktitle = {Philosophy After Darwin: Classic and Contemporary Readings},
  editor    = {Ruse, Michael},
  publisher = {Princeton University Press},
  year      = {2009}
}

@incollection{sinnott2006moral,
  author    = {Sinnott-Armstrong, Walter},
  title     = {Moral Intuitionism Meets Empirical Psychology},
  booktitle = {Metaethics after Moore},
  editor    = {Horgan, Terry and Timmons, Mark},
  publisher = {Oxford University Press},
  year      = {2006},
  doi       = {10.1093/acprof:oso/9780199269914.003.0016},
  url       = {https://doi.org/10.1093/acprof:oso/9780199269914.003.0016}
}

@article{smith2010sinnott,
  author    = {Smith, Jonathan},
  title     = {On Sinnott-Armstrong’s Case Against Moral Intuitionism},
  journal   = {Ethical Theory and Moral Practice},
  volume    = {13},
  number    = {1},
  pages     = {75--88},
  year      = {2010},
  url       = {https://www.jstor.org/stable/27764635}
}

@misc{stratton2014intuitionism,
  author       = {Stratton-Lake, Philip},
  title        = {Intuitionism in Ethics},
  year         = {2014},
  url          = {http://plato.stanford.edu/archives/sum2020/entries/intuitionism-ethics/}
}

@article{street2006darwinian,
  author    = {Street, Sharon},
  title     = {A Darwinian Dilemma for Realist Theories of Value},
  journal   = {Philosophical Studies},
  volume    = {127},
  pages     = {109--166},
  year      = {2006},
  url       = {https://www.jstor.org/stable/4321684}
}

@article{swain2008instability,
  author    = {Swain, Stacey and Alexander, Joshua and Weinberg, Jonathan M.},
  title     = {The Instability of Philosophical Intuitions: Running Hot and Cold on Truetemp},
  journal   = {Philosophy and Phenomenological Research},
  volume    = {76},
  number    = {1},
  pages     = {138--155},
  year      = {2008},
  url       = {https://www.jstor.org/stable/40041155}
}

@article{tao2022effects,
  author    = {Tao, Dan and Leng, Yue and Huo, Jiamin and Peng, Suhao and Xu, Jing and Deng, Huihua},
  title     = {Effects of Core Disgust and Moral Disgust on Moral Judgment: An Event-Related Potential Study},
  journal   = {Frontiers in Psychology},
  volume    = {13},
  year      = {2022},
  month     = {jun},
  doi       = {10.3389/fpsyg.2022.806784},
  url       = {https://doi.org/10.3389/fpsyg.2022.806784}
}

@misc{britannica2024tautology,
  author       = {{The Editors of Encyclopaedia Britannica}},
  title        = {Tautology},
  howpublished = {Encyclopaedia Britannica},
  year         = {2024},
  month        = {jun},
  day          = {11},
  url          = {https://www.britannica.com/topic/tautology}
}

@article{zucchelli2019intentionality,
  author    = {Zucchelli, Micaela Maria and Starita, Francesca and Bertini, Caterina and Giusberti, Fiorella and Ciaramelli, Elisa},
  title     = {Intentionality Attribution and Emotion: The Knobe Effect in Alexithymia},
  journal   = {Cognition},
  volume    = {191},
  pages     = {103978},
  year      = {2019},
  month     = {oct},
  doi       = {10.1016/j.cognition.2019.05.015},
  url       = {https://doi.org/10.1016/j.cognition.2019.05.015}
}
