@article{abramowitz1991,
  author    = {Abramowitz, Alan I.},
  title     = {Incumbency, Campaign Spending, and the Decline of Competition in U.S. House Elections},
  journal   = {The Journal of Politics},
  volume    = {53},
  number    = {1},
  pages     = {34--56},
  year      = {1991},
  doi       = {10.2307/2131719},
  url       = {https://doi.org/10.2307/2131719},
  urldate   = {2024-08-10}
}

@unpublished{atkinson2023,
  author       = {Atkinson, Nathan and Foley, Edward B. and Ganz, Scott},
  title        = {Beyond the Spoiler Effect: Can Ranked Choice Voting Solve the Problem of Political Polarization?},
  note         = {Forthcoming in University of Illinois Law Review; Georgetown McDonough School of Business Research Paper No.\ 4411173},
  year         = {2023},
  month        = {apr},
  day          = {5},
  url          = {https://ssrn.com/abstract=4411173},
  doi          = {10.2139/ssrn.4411173}
}

@article{bristowjohnson2023,
  author    = {Bristow-Johnson, R.},
  title     = {The failure of instant runoff to accomplish the purpose for which it was adopted: A case study from Burlington, Vermont},
  journal   = {Constitutional Political Economy},
  volume    = {34},
  number    = {3},
  pages     = {378--389},
  year      = {2023},
  doi       = {10.1007/s10602-023-09393-1},
  url       = {https://doi.org/10.1007/s10602-023-09393-1}
}

@misc{clyde2022,
  author       = {Clyde, David},
  title        = {Nevada voters back big changes to their election system},
  howpublished = {NPR},
  year         = {2022},
  month        = {nov},
  day          = {13},
  url          = {https://www.npr.org/2022/11/13/1136342255/nevada-election-open-primary-ranked-choice-voting},
  urldate      = {2024-08-08}
}

@article{donovan2016,
  author    = {Donovan, Todd and Tolbert, Caroline and Gracey, Kathleen},
  title     = {Campaign civility under preferential and plurality voting},
  journal   = {Electoral Studies},
  volume    = {42},
  pages     = {157--163},
  year      = {2016},
  doi       = {10.1016/j.electstud.2016.02.009},
  url       = {https://doi.org/10.1016/j.electstud.2016.02.009}
}

@article{dowling2024,
  author    = {Dowling, Erin and Tolbert, Caroline and Micatka, Nishelle and Donovan, Todd},
  title     = {Does ranked choice voting increase voter turnout and mobilization?},
  journal   = {Electoral Studies},
  volume    = {90},
  pages     = {102816},
  year      = {2024},
  doi       = {10.1016/j.electstud.2024.102816},
  url       = {https://doi.org/10.1016/j.electstud.2024.102816}
}

@misc{duverger2024,
  title        = {Duverger's law},
  howpublished = {Oxford Reference},
  year         = {2024},
  url          = {https://www.oxfordreference.com/view/10.1093/oi/authority.20110803095737871},
  urldate      = {2024-08-08}
}

@article{elinson2010,
  author    = {Elinson, Zachary and Shih, Gordon},
  title     = {The Winning Strategy in Oakland: Concentrate on Being 2nd or 3rd Choice},
  journal   = {The New York Times},
  year      = {2010},
  month     = {nov},
  day       = {11},
  url       = {https://www.nytimes.com/2010/11/12/us/politics/12bcvoting.html},
  urldate   = {2024-08-08}
}

@misc{gomez2022,
  author       = {Gomez, Hector J.},
  title        = {Sen. Lisa Murkowski and Trump-backed Kelly Tshibaka advance to general election in Alaska's Senate race},
  howpublished = {NBC News},
  year         = {2022},
  month        = {aug},
  day          = {16},
  url          = {https://www.nbcnews.com/politics/2022-election/sen-lisa-murkowski-trump-backed-kelly-tshibaka-advance-general-electio-rcna43331},
  urldate      = {2024-08-08}
}

@misc{klepetar_nodate,
  author       = {Klepetar, D. T.},
  title        = {Do third party candidates influence incumbent agendas?},
  howpublished = {Canadian Political Science Association},
  url          = {https://cpsa-acsp.ca/papers-2013/Klepetar.pdf}
}

@article{kropf2021,
  author    = {Kropf, Melanie},
  title     = {Using campaign communications to analyze civility in ranked choice voting elections},
  journal   = {Politics and Governance},
  volume    = {9},
  number    = {2},
  pages     = {280--292},
  year      = {2021},
  doi       = {10.17645/pag.v9i2.4293},
  url       = {https://doi.org/10.17645/pag.v9i2.4293}
}

@misc{levy2024,
  author       = {Levy, Michael},
  title        = {Alternative vote},
  howpublished = {Encyclopedia Britannica},
  year         = {2024},
  month        = {mar},
  day          = {22},
  url          = {https://www.britannica.com/topic/alternative-vote},
  urldate      = {2024-08-08}
}

@misc{maxmin2012,
  author       = {Maxmin, C. S.},
  title        = {Beware The Spoiler Effect},
  howpublished = {The Harvard Crimson},
  year         = {2012},
  month        = {oct},
  day          = {30},
  url          = {https://www.thecrimson.com/article/2012/10/30/third-party-spoiler/}
}

@book{mccarty2020,
  author    = {McCarty, Nolan M.},
  title     = {Polarization: What Everyone Needs to Know},
  publisher = {Oxford University Press},
  year      = {2020}
}

@misc{mcgreevy_nodate,
  author       = {McGreevy, Patrick},
  title        = {Sen. Leno drops e-cigarette bill that was gutted in Assembly},
  howpublished = {Los Angeles Times},
  url          = {https://www.latimes.com/local/political/la-me-pc-leno-drops-e-cigarette-bill-20150708-story.html}
}

@article{mudambi1996,
  author    = {Mudambi, Ram and others},
  title     = {Plurality versus Proportional Representation: An Analysis of Sicilian Elections},
  journal   = {Public Choice},
  volume    = {86},
  number    = {3/4},
  pages     = {341--357},
  year      = {1996},
  url       = {http://www.jstor.org/stable/30027122},
  urldate   = {2024-09-02}
}

@article{nielson2017,
  author    = {Nielson, L.},
  title     = {Ranked choice voting and attitudes toward democracy in the United States: Results from a survey experiment},
  journal   = {Politics and Policy},
  volume    = {45},
  number    = {4},
  pages     = {535--570},
  year      = {2017},
  doi       = {10.1111/polp.12212},
  url       = {https://doi.org/10.1111/polp.12212}
}

@misc{otis2022,
  author       = {Otis, David},
  title        = {Analysis from Alaska's RCV elections in November 2022},
  howpublished = {FairVote},
  year         = {2022},
  month        = {dec},
  day          = {22},
  url          = {https://fairvote.org/analysis-from-alaskas-rcv-elections-in-november-2022/},
  urldate      = {2024-08-08}
}

@misc{fairvote2024,
  title        = {Ranked choice voting information},
  howpublished = {FairVote},
  year         = {2024},
  month        = {aug},
  day          = {8},
  url          = {https://fairvote.org/our-reforms/ranked-choice-voting-information/#the-impacts-of-ranked-choice-voting},
  urldate      = {2024-08-08}
}

@misc{senate2021,
  title        = {A resolution impeaching Donald John Trump, President of the United States, for high crimes and misdemeanors},
  howpublished = {U.S. Senate Roll Call Vote 117\_1\_00059},
  year         = {2021},
  month        = {feb},
  day          = {13},
  url          = {https://www.senate.gov/legislative/LIS/roll_call_votes/vote1171/vote_117_1_00059.htm}
}

@article{terrell2021,
  author    = {Richie Terrell, C. and Lamendola, C. and Reilly, M.},
  title     = {Election reform and women's representation: Ranked choice voting in the U.S.},
  journal   = {Politics and Governance},
  volume    = {9},
  number    = {2},
  pages     = {332--343},
  year      = {2021},
  doi       = {10.17645/pag.v9i2.3924},
  url       = {https://doi.org/10.17645/pag.v9i2.3924}
}

@misc{rosen2022,
  author       = {Rosen, Yvonne},
  title        = {In new bipartisan Alaska Senate majority of 17, members vow compromise and consensus},
  howpublished = {Alaska Public Media},
  year         = {2022},
  month        = {nov},
  day          = {29},
  url          = {https://alaskapublic.org/2022/11/29/in-new-bipartisan-alaska-senate-majority-of-17-members-vow-compromise-and-consensus/},
  urldate      = {2024-08-08}
}

@misc{shafer2018,
  author       = {Shafer, Scott},
  title        = {Political Uproar as Mark Farrell Replaces London Breed as S.F. Mayor},
  howpublished = {KQED},
  year         = {2018},
  month        = {jan},
  day          = {23},
  url          = {https://www.kqed.org/news/11643930/political-outrage-as-mark-farrell-replaces-london-breed-as-s-f-s-acting-mayor}
}

@misc{shivaram2022,
  author       = {Shivaram, Deepa},
  title        = {Democrat Mary Peltola tops Sarah Palin to win U.S. House special election in Alaska},
  howpublished = {NPR},
  year         = {2022},
  month        = {sep},
  day          = {1},
  url          = {https://www.npr.org/2022/08/31/1120327126/palin-peltola-begich-alaska-special-house-election-results},
  urldate      = {2024-08-08}
}

@article{streitfeld2018,
  author    = {Streitfeld, David},
  title     = {Tech was supposed to get political. It's hanging back in this election},
  journal   = {The New York Times},
  year      = {2018},
  month     = {jun},
  day       = {1},
  url       = {https://www.nytimes.com/2018/06/01/technology/tech-california-primary-election.html},
  urldate   = {2024-08-08}
}

@misc{troiano2024,
  author       = {Troiano, Nina},
  title        = {How a bipartisan governing majority emerged in Alaska},
  howpublished = {Alaska Beacon},
  year         = {2024},
  month        = {may},
  day          = {17},
  url          = {https://alaskabeacon.com/2024/05/17/how-a-bipartisan-governing-majority-emerged-in-alaska/},
  urldate      = {2024-08-08}
}

@article{ulloa2022,
  author    = {Ulloa, Javier},
  title     = {Murkowski Fends Off Attacks on Her Record in Alaska's Senate Debate},
  journal   = {The New York Times},
  year      = {2022},
  month     = {oct},
  day       = {28},
  url       = {https://www.nytimes.com/2022/10/28/us/politics/murkowski-alaska-senate-debate.html},
  urldate   = {2024-08-08}
}
