@incollection{nguyen2023trust,
  author    = {Nguyen, C. Thi},
  title     = {Trust as an Unquestioning Attitude},
  booktitle = {Oxford Studies in Epistemology},
  editor    = {Gendler, Tamar Szab{\'o} and Hawthorne, John and Chung, Julianne},
  volume    = {7},
  pages     = {214--244},
  address   = {New York},
  publisher = {Oxford University Press},
  year      = {2023},
  doi       = {10.1093/oso/9780192868978.003.0007},
  url       = {https://doi.org/10.1093/oso/9780192868978.003.0007}
}

