@misc{atkinson2004economics,
  author       = {Atkinson, James J.},
  title        = {The Economics of Ticket Scalping – Jimmy Atkinson},
  howpublished = {Jimmy Atkinson},
  year         = {2004},
  month        = {may},
  day          = {3},
  url          = {https://jimmyatkinson.com/papers/the-economics-of-ticket-scalping/}
}

@article{becker1991note,
  author   = {Becker, Gary S.},
  title    = {A Note on Restaurant Pricing and Other Examples of Social Influences on Price},
  journal  = {Journal of Political Economy},
  volume   = {99},
  number   = {5},
  pages    = {1109--1116},
  year     = {1991},
  url      = {http://www.jstor.org/stable/2937660}
}

@misc{tapakapa2022concert,
  author       = {{Tapakapa}},
  title        = {Concert Tickets Are Too Cheap.*},
  howpublished = {YouTube video},
  year         = {2022},
  month        = {apr},
  day          = {28},
  url          = {https://www.youtube.com/watch?v=YhLASgLNkUM}
}

@article{leslie2014resale,
  author  = {Leslie, Phillip and Sorensen, Alan},
  title   = {Resale and Rent-Seeking: An Application to Ticket Markets},
  journal = {The Review of Economic Studies},
  volume  = {81},
  number  = {1},
  pages   = {266--300},
  year    = {2014},
  url     = {http://www.jstor.org/stable/43551672}
}

@misc{perry2016ticket,
  author       = {Perry, Mark},
  title        = {Ticket Scalping: Musicians VS. Economists},
  howpublished = {American Enterprise Institute},
  year         = {2016},
  month        = {oct},
  day          = {5},
  url          = {https://www.aei.org/carpe-diem/ticket-scalping-musicians-vs-economists/}
}

@misc{mckenzie2017economics,
  author       = {McKenzie, Jordi},
  title        = {The Economics of Ticket Scalping},
  howpublished = {The Conversation US},
  year         = {2017},
  month        = {sep},
  day          = {10},
  url          = {https://theconversation.com/the-economics-of-ticket-scalping-83434}
}

@misc{miller2016scalping,
  author       = {Miller, Tracy C.},
  title        = {Scalping Isn’t Scamming},
  howpublished = {U.S. News \& World Report},
  year         = {2016},
  month        = {oct},
  day          = {4},
  url          = {https://www.usnews.com/opinion/articles/2016-10-04/why-congress-shouldnt-curb-ticket-scalping-after-hamilton-prices-soar}
}

@misc{hernandez2023junkfees,
  author       = {Hernandez, Joe},
  title        = {Biden Proposes A Ban On ‘Junk Fees’ — From Concert Tickets To Hotel Rooms},
  howpublished = {NPR},
  year         = {2023},
  month        = {oct},
  day          = {11},
  url          = {https://www.npr.org/2023/10/11/1205164556/junk-fees-biden-white-house-rules}
}

@article{surowiecki2016hamilton,
  author   = {Surowiecki, James},
  title    = {How Online Ticket Scalping (Eventually) Helped ‘Hamilton’},
  journal  = {The New Yorker},
  year     = {2016},
  month    = {jun},
  day      = {11},
  url      = {https://www.newyorker.com/business/currency/how-online-ticket-scalping-eventually-helped-hamilton}
}

@misc{shaw2016oldchella,
  author       = {Shaw, Lucas},
  title        = {‘OldChella’ Ticket Scalpers Get Burned On Stones, Bob Dylan Bet},
  howpublished = {Bloomberg},
  year         = {2016},
  month        = {oct},
  day          = {5},
  url          = {https://www.bloomberg.com/news/articles/2016-10-05/-oldchella-ticket-scalpers-get-burned-on-stones-bob-dylan-bet}
}

@misc{woods2021ticket,
  author       = {Woods, Darian},
  title        = {Ticket Scalpers: The Real Ticket Masters},
  howpublished = {NPR},
  year         = {2021},
  month        = {nov},
  day          = {23},
  url          = {https://www.npr.org/2021/11/23/1058704237/ticket-scalpers-the-real-ticket-masters},
  note         = {Accessed 2024-03-18}
}
