@misc{constitution,
  title        = {Constitution of the United States},
  howpublished = {\url{https://constitution.congress.gov/constitution/}},
  urldate      = {2025-05-23}
}

@misc{hamilton1793,
  author  = {Hamilton, Alexander},
  title   = {From Alexander Hamilton to John Jay},
  year    = {1793},
  month   = {apr},
  day     = {9},
  note    = {Letter},
  url     = {https://founders.archives.gov/documents/Hamilton/01-14-02-0190}
}

@book{hamilton2007,
  author    = {Hamilton, Alexander and Madison, James and Frisch, Morton J.},
  title     = {The Pacificus-Helvidius Debates of 1793--1794: Toward the Completion of the American Founding},
  publisher = {Liberty Fund},
  address   = {Indianapolis},
  year      = {2007},
  url       = {http://archive.org/details/pacificushelvidi00alex}
}

@misc{washington1793,
  author       = {Washington, George},
  title        = {A Proclamation [printer's proof of neutrality proclamation] (1793)},
  year         = {1793},
  note         = {Proclamation},
  url          = {https://www.gilderlehrman.org/collection/glc02391}
}

@book{chernow2011,
  author    = {Chernow, Ron},
  title     = {Washington: A Life},
  publisher = {Penguin},
  year      = {2011}
}

@incollection{holland1911,
  author    = {Holland, Arthur William and Montague, Francis Charles},
  title     = {French Revolution, The},
  booktitle = {Encyclop{\ae}dia Britannica},
  volume    = {11},
  publisher = {Encyclop{\ae}dia Britannica, Inc.},
  year      = {1911},
  url       = {https://en.wikisource.org/wiki/1911_Encyclop%C3%A6dia_Britannica/French_Revolution,_The}
}

@book{mccullough2008,
  author    = {McCullough, David},
  title     = {John Adams},
  publisher = {Simon \& Schuster Paperbacks},
  address   = {New York},
  year      = {2008},
  url       = {http://archive.org/details/johnadams00davi}
}

@incollection{moats2021,
  author    = {Moats, Sandra},
  title     = {{‘Americans in Politics’: Crafting a Neutral Proclamation}},
  booktitle = {Navigating Neutrality: Early American Governance in the Turbulent Atlantic},
  pages     = {59--77},
  publisher = {University of Virginia Press},
  year      = {2021},
  url       = {https://www.jstor.org/stable/j.ctv1n1brtq.9}
}

@article{prakash2001,
  author  = {Prakash, Saikrishna B. and Ramsey, Michael D.},
  title   = {The Executive Power Over Foreign Affairs},
  journal = {Yale Law Journal},
  volume  = {111},
  number  = {2},
  pages   = {231--356},
  month   = {nov},
  year    = {2001},
  url     = {https://www.proquest.com/scholarly-journals/executive-power-over-foreign-affairs/docview/198466850/se-2?accountid=5245}
}

@misc{reinstein2011,
  author       = {Reinstein, Robert},
  title        = {Executive Power and the Law of Nations in the Washington Administration},
  howpublished = {SSRN Scholarly Paper},
  institution  = {Social Science Research Network},
  address      = {Rochester, NY},
  year         = {2011},
  month        = {apr},
  day          = {1},
  url          = {https://papers.ssrn.com/abstract=1803496}
}

@article{schmitt2000,
  author  = {Schmitt, Gary J.},
  title   = {Washington’s Proclamation of Neutrality: Executive Energy and the Paradox of Executive Power},
  journal = {The Political Science Reviewer},
  volume  = {29},
  pages   = {121--159},
  month   = {jul},
  year    = {2000},
  url     = {https://politicalsciencereviewer.com/index.php/psr/article/view/390}
}

@article{sheridan1994,
  author  = {Sheridan, Eugene R.},
  title   = {The Recall of Edmond Charles Genet: A Study in Transatlantic Politics and Diplomacy},
  journal = {Diplomatic History},
  volume  = {18},
  number  = {4},
  pages   = {463--488},
  year    = {1994},
  url     = {https://www.jstor.org/stable/24912307}
}

@article{young2011,
  author  = {Young, Christopher J.},
  title   = {Connecting the President and the People: Washington’s Neutrality, Genet’s Challenge, and Hamilton’s Fight for Public Support},
  journal = {Journal of the Early Republic},
  volume  = {31},
  number  = {3},
  pages   = {435--466},
  year    = {2011},
  url     = {https://www.proquest.com/docview/1272315262/abstract/87DBDB1E56494961PQ/1}
}
