@techreport{unfccc2024ndc,
  author       = {{UNFCCC}},
  title        = {2024 NDC Synthesis Report},
  institution  = {United Nations Framework Convention on Climate Change},
  year         = {2024},
  month        = {oct},
  day          = {28},
  url          = {https://unfccc.int/process-and-meetings/the-paris-agreement/nationally-determined-contributions-ndcs/2024-ndc-synthesis-report?utm_source=chatgpt.com}
}

@article{atari2020,
  author    = {Atari, Mohammad and Lai, Mark H.~C. and Dehghani, Morteza},
  title     = {Sex Differences in Moral Judgements Across 67 Countries},
  journal   = {Proceedings of the Royal Society B: Biological Sciences},
  volume    = {287},
  number    = {1937},
  pages     = {20201201},
  year      = {2020},
  doi       = {10.1098/rspb.2020.1201},
  url       = {https://doi.org/10.1098/rspb.2020.1201}
}

@misc{belfiori2024,
  author       = {Belfiori, Elisa and Llohis, Yanel},
  title        = {Rethinking Emissions Targets in Developing Countries},
  howpublished = {International Economic Association},
  year         = {2024},
  month        = {aug},
  day          = {27},
  url          = {https://www.iea-world.org/rethinking-emissions-targets-in-developing-countries/}
}

@article{bentahila2021,
  author    = {Bentahila, Lina and Fontaine, Roger and Pennequin, Val{\'e}rie},
  title     = {Universality and Cultural Diversity in Moral Reasoning and Judgment},
  journal   = {Frontiers in Psychology},
  volume    = {12},
  pages     = {764360},
  year      = {2021},
  doi       = {10.3389/fpsyg.2021.764360},
  url       = {https://doi.org/10.3389/fpsyg.2021.764360}
}

@incollection{broto2022,
  author    = {Broto, Vanesa Cast{\'a}n and Westman, Linda and Ruiz Campillo, Xira},
  title     = {The Role of Local Governments in International Climate Policy},
  booktitle = {Oxford Research Encyclopedia of Climate Science},
  publisher = {Oxford University Press},
  year      = {2022},
  doi       = {10.1093/acrefore/9780190228620.013.842},
  url       = {https://doi.org/10.1093/acrefore/9780190228620.013.842}
}

@article{corvino2023,
  author    = {Corvino, Fausto},
  title     = {Why We Need Future Generations: A Defence of Direct Intergenerational Reciprocity},
  journal   = {Economics \& Philosophy},
  volume    = {39},
  number    = {3},
  pages     = {395--422},
  year      = {2023},
  doi       = {10.1017/S0266267122000116},
  url       = {https://doi.org/10.1017/S0266267122000116}
}

@article{delponte2022,
  author    = {Del Ponte, Alessandro and DeScioli, Peter},
  title     = {Pay Your Debts: Moral Dilemmas of International Debt},
  journal   = {Political Behavior},
  volume    = {44},
  number    = {4},
  pages     = {1657--1680},
  year      = {2022},
  doi       = {10.1007/s11109-020-09675-6},
  url       = {https://doi.org/10.1007/s11109-020-09675-6}
}

@misc{godoy2018,
  author       = {Godoy, Katelyn},
  title        = {Research Recap: Which Personal Values Drive Actions to Avert Climate Change?},
  howpublished = {Cornell University Business Hub},
  year         = {2018},
  month        = {dec},
  day          = {12},
  url          = {https://business.cornell.edu/hub/2018/12/12/research-personal-values-climate-change/}
}

@article{green2024,
  author    = {Green, Jessica F.},
  title     = {Global Climate Policy Beyond the Paris Agreement},
  journal   = {PS: Political Science \& Politics},
  volume    = {57},
  number    = {1},
  pages     = {40--44},
  year      = {2024},
  doi       = {10.1017/S1049096523000318},
  url       = {https://doi.org/10.1017/S1049096523000318}
}

@article{hasan2023,
  author    = {Hasan, Sabeehuddin and Wooliscroft, Ben and Ganglmair-Wooliscroft, Alexandra},
  title     = {Drivers of Ethical Consumption: Insights from a Developing Country},
  journal   = {Journal of Macromarketing},
  volume    = {43},
  number    = {2},
  pages     = {175--189},
  year      = {2023},
  doi       = {10.1177/02761467231168045},
  url       = {https://doi.org/10.1177/02761467231168045}
}

@misc{hu2025,
  author       = {Hu, Shelia and Denchak, Melissa},
  title        = {Paris Climate Agreement: Everything You Need to Know},
  howpublished = {NRDC},
  year         = {2025},
  url          = {https://www.nrdc.org/stories/paris-climate-agreement-everything-you-need-know}
}

@book{hume1998,
  author    = {Hume, David},
  title     = {An Enquiry Concerning the Principles of Morals: A Critical Edition},
  publisher = {Clarendon Press},
  year      = {1998}
}

@article{kogelmann2019,
  author    = {Kogelmann, Brian},
  title     = {Minimal Morality: A Multilevel Social Contract Theory, Michael Moehler. Oxford University Press, 2018, 272 Pages},
  journal   = {Economics \& Philosophy},
  volume    = {35},
  number    = {1},
  pages     = {173--179},
  year      = {2019},
  doi       = {10.1017/S026626711800024X},
  url       = {https://doi.org/10.1017/S026626711800024X}
}

@article{kulkarni2024,
  author    = {Kulkarni, Rucha},
  title     = {A Critical Analysis of Moral Contractarianism: Towards a Revised Framework},
  journal   = {Pro-Fil: An Internet Journal of Philosophy},
  volume    = {25},
  number    = {1},
  pages     = {1},
  year      = {2024},
  doi       = {10.5817/pf24-1-38249},
  url       = {https://doi.org/10.5817/pf24-1-38249}
}

@article{macaskill2019,
  author    = {MacAskill, William},
  title     = {Practical Ethics Given Moral Uncertainty},
  journal   = {Utilitas},
  volume    = {31},
  number    = {3},
  pages     = {231--245},
  year      = {2019},
  doi       = {10.1017/S0953820819000013},
  url       = {https://doi.org/10.1017/S0953820819000013}
}

@article{maslin-nodate,
  author    = {Maslin, Mark A. and Lang, John and Harvey, Fiona},
  title     = {A Short History of the Successes and Failures of the International Climate Change Negotiations},
  journal   = {UCL Open Environment},
  volume    = {5},
  pages     = {e059},
  year      = {n.d.},
  doi       = {10.14324/111.444/ucloe.000059},
  url       = {https://doi.org/10.14324/111.444/ucloe.000059}
}

@misc{merriamwebster2025,
  author    = {{Merriam-Webster}},
  title     = {Subsidiarity},
  howpublished = {Online Dictionary},
  year      = {2025},
  urldate   = {2025-05-27},
  url       = {https://www.merriam-webster.com/dictionary/subsidiarity}
}

@misc{mignone2007,
  author       = {Mignone, Bryan K.},
  title        = {International Cooperation in a Post-Kyoto World},
  howpublished = {Brookings},
  year         = {2007},
  month        = {nov},
  day          = {1},
  url          = {https://www.brookings.edu/articles/international-cooperation-in-a-post-kyoto-world/}
}

@misc{miller-nodate,
  author       = {Miller, Alan},
  title        = {The ‘Moral Dumbfounding’ Behind Our Political Choices},
  howpublished = {Wired},
  note         = {Tags},
  year         = {n.d.},
  urldate      = {2025-05-19},
  url          = {https://www.wired.com/story/jonathan-haidt-interview/}
}

@book{moehler2020contractarianism,
  author    = {Moehler, Michael},
  title     = {Contractarianism},
  publisher = {Cambridge University Press},
  year      = {2020},
  url       = {https://www.google.com/books/edition/Contractarianism/NwqkywEACAAJ}
}

@incollection{moehler2020climate,
  author    = {Moehler, Michael},
  title     = {Contractarianism and Climate Change},
  booktitle = {Moral Theory and Climate Change: Ethical Perspectives on a Warming Planet},
  editor    = {Miller, Dale E. and Eggleston, Ben},
  publisher = {Routledge},
  year      = {2020},
  doi       = {10.4324/9781315205069},
  url       = {https://doi.org/10.4324/9781315205069}
}

@incollection{moehler2024diversity,
  author    = {Moehler, Michael},
  title     = {Diversity, Polycentricity, Justice, and the Open Society},
  booktitle = {New Approaches to Social Contract Theory: Liberty, Equality, Diversity, and the Open Society},
  editor    = {Moehler, Michael and Thrasher, John},
  publisher = {Oxford University Press},
  year      = {2024},
  doi       = {10.1093/oso/9780198878650.003.0012},
  url       = {https://doi.org/10.1093/oso/9780198878650.003.0012}
}

@book{moehler2018minimal,
  author    = {Moehler, Michael},
  title     = {Minimal Morality: A Multilevel Social Contract Theory},
  publisher = {Oxford University Press},
  year      = {2018}
}

@article{peeters2019,
  author    = {Peeters, Wouter and Diependaele, Lisa and Sterckx, Sigrid},
  title     = {Moral Disengagement and the Motivational Gap in Climate Change},
  journal   = {Ethical Theory and Moral Practice},
  volume    = {22},
  number    = {2},
  pages     = {425--447},
  year      = {2019},
  doi       = {10.1007/s10677-019-09995-5},
  url       = {https://doi.org/10.1007/s10677-019-09995-5}
}

@article{pick2004,
  author    = {Pick, Thomas},
  title     = {Moral Obligation},
  journal   = {Royal Institute of Philosophy Supplements},
  volume    = {54},
  pages     = {159--185},
  month     = {mar},
  year      = {2004},
  doi       = {10.1017/S1358246100008493},
  url       = {https://doi.org/10.1017/S1358246100008493}
}

@article{prichard1912,
  author    = {Prichard, H.~A.},
  title     = {Does Moral Philosophy Rest on a Mistake?},
  journal   = {Mind},
  volume    = {21},
  number    = {81},
  pages     = {21--37},
  year      = {1912},
  url       = {https://www.jstor.org/stable/2248906},
  urldate   = {2024-06-30}
}

@misc{richards2014,
  author       = {Richards, Jay W.},
  title        = {The Morality of the National Debt},
  howpublished = {Institute for Faith, Work \& Economics},
  year         = {2014},
  month        = {jan},
  day          = {17},
  url          = {https://tifwe.org/the-morality-of-the-national-debt/}
}

@incollection{sayremccord2013,
  author    = {Sayre-McCord, Geoffrey},
  title     = {Contractarianism},
  booktitle = {The Blackwell Guide to Ethical Theory},
  publisher = {John Wiley \& Sons, Ltd},
  year      = {2013},
  doi       = {10.1111/b.9780631201199.1999.00017.x},
  url       = {https://doi.org/10.1111/b.9780631201199.1999.00017.x}
}

@article{skjaersethetal2021,
  author    = {Skj{\ae}rseth, Jon Birger and Andresen, Steinar and Bang, Guri and Heggelund, G{\o}rild M.},
  title     = {The Paris Agreement and Key Actors’ Domestic Climate Policy Mixes: Comparative Patterns},
  journal   = {International Environmental Agreements},
  volume    = {21},
  number    = {1},
  pages     = {59--73},
  year      = {2021},
  doi       = {10.1007/s10784-021-09531-w},
  url       = {https://doi.org/10.1007/s10784-021-09531-w}
}

@misc{tachibana2017,
  author    = {Tachibana, Kanade},
  title     = {Defence of the Merits of the Paris Agreement Over the Prior Kyoto Protocol},
  year      = {2017},
  url       = {https://www.grin.com/document/1172185}
}

@misc{unfccc2025kyoto,
  author    = {{UNFCCC}},
  title     = {What Is the Kyoto Protocol?},
  howpublished = {Online},
  urldate   = {2025-05-25},
  url       = {https://unfccc.int/kyoto_protocol?utm_source=chatgpt.com}
}

@misc{unitednationsclimate2025,
  author    = {{United Nations Climate Change}},
  title     = {Key Aspects of the Paris Agreement},
  howpublished = {Online},
  urldate   = {2025-06-05},
  url       = {https://unfccc.int/most-requested/key-aspects-of-the-paris-agreement}
}

@article{zeyrek2021,
  author    = {Zeyrek, Selin},
  title     = {Celebrating Five Years of the Paris Agreement},
  journal   = {Varsity Online},
  year      = {2021},
  month     = {jan},
  day       = {22},
  url       = {https://www.varsity.co.uk/science/20519}
}

@book{zimmerman1996,
  author    = {Zimmerman, Michael J.},
  title     = {The Concept of Moral Obligation},
  series    = {Cambridge Studies in Philosophy},
  publisher = {Cambridge University Press},
  year      = {1996},
  doi       = {10.1017/CBO9780511624681},
  url       = {https://doi.org/10.1017/CBO9780511624681}
}
