@book{ansolabehere_iyengar_goingnegative,
  author    = {Ansolabehere, Stephen and Iyengar, Shanto},
  title     = {Going Negative: How Political Advertisements Shrink and Polarize the Electorate},
  note      = {Publication details not provided}
}

@misc{bitzer2009tillman,
  author       = {Bitzer, J. Michael},
  title        = {Tillman Act of 1907 (1907)},
  howpublished = {Free Speech Center},
  year         = {2009},
  month        = {jan},
  day          = {1},
  url          = {https://firstamendment.mtsu.edu/article/tillman-act-of-1907/}
}

@misc{fec2016spendingbythenumbers,
  title        = {Campaign finance data},
  howpublished = {Federal Election Commission},
  year         = {2016},
  url          = {https://www.fec.gov/data/spending-bythenumbers/?election_year=2016},
  urldate      = {2025-01-24}
}

@misc{fec_citizensunited_page,
  title        = {Citizens United v. FEC},
  howpublished = {Federal Election Commission},
  url          = {https://www.fec.gov/legal-resources/court-cases/citizens-united-v-fec/}
}

@article{hlr2010citizensunitednote,
  title   = {Citizens United v. FEC: Corporate Political Speech},
  journal = {Harvard Law Review},
  volume  = {124},
  number  = {1},
  pages   = {75--82},
  year    = {2010},
  url     = {https://www.jstor.org/stable/20788313},
  urldate = {2025-01-23}
}

@misc{corcoran2018redstate,
  author       = {Corcoran, Michael},
  title        = {Red-State Senate Democrats Are Top Recipients of Wall Street Donations},
  howpublished = {Truthout},
  year         = {2018},
  month        = {nov},
  day          = {2},
  url          = {https://truthout.org/articles/red-state-senate-democrats-are-top-recipients-of-wall-street-donations/}
}

@article{culberson2018smalldonors,
  author  = {Culberson, Tyler and others},
  title   = {Small Donors in Congressional Elections},
  journal = {American Politics Research},
  volume  = {47},
  number  = {5},
  pages   = {970--999},
  year    = {2018},
  month   = {mar},
  doi     = {10.1177/1532673x18763918}
}

@article{flavin2015campaignfinance,
  author  = {Flavin, Patrick},
  title   = {Campaign Finance Laws, Policy Outcomes, and Political Equality in the American States},
  journal = {Political Research Quarterly},
  volume  = {68},
  number  = {1},
  pages   = {77--88},
  year    = {2015},
  url     = {https://www.jstor.org/stable/24371973}
}

@misc{george_progresspoverty_ayawp,
  author       = {George, Henry},
  title        = {Progress and Poverty, Selections (1879)},
  howpublished = {The American Yawp Reader},
  url          = {http://www.americanyawp.com/reader/16-capital-and-labor/henry-george-progress-and-poverty-selections-1879/}
}

@article{gerken2015realproblem,
  author  = {Gerken, Heather K.},
  title   = {The Real Problem with \guillemotleft Citizens United\guillemotright: Campaign Finance, Dark Money, and Shadow Parties},
  journal = {Proceedings of the American Philosophical Society},
  volume  = {159},
  number  = {1},
  pages   = {5--16},
  year    = {2015},
  url     = {https://www.jstor.org/stable/24640167},
  urldate = {2025-01-21}
}

@misc{halljones2023incumbent,
  author       = {Hall-Jones, Miro},
  title        = {Incumbent politicians enjoy record reelection in an aging Congress},
  howpublished = {OpenSecrets},
  year         = {2023},
  month        = {oct},
  day          = {12},
  url          = {https://www.opensecrets.org/news/2023/10/incumbent-politicians-enjoy-record-reelection-in-aging-congress/}
}

@misc{hitchens2014kinsley,
  author       = {Hitchens, Christopher},
  title        = {The Kinsley Report},
  howpublished = {Vanity Fair},
  year         = {2014},
  month        = {mar},
  day          = {17},
  url          = {https://www.vanityfair.com/news/1987/09/christopher-hitchens-on-michael-kinsley}
}

@misc{ingram2024musk277m,
  author       = {Ingram, Julia},
  title        = {Elon Musk spends \$277 million to back Trump and Republican candidates},
  howpublished = {CBS News},
  year         = {2024},
  month        = {dec},
  day          = {6},
  url          = {https://www.cbsnews.com/news/elon-musk-277-million-trump-republican-candidates-donations/}
}

@article{keena2019smalldonorssenate,
  author  = {Keena, Alex and Knight-Finley, Misty},
  title   = {Are Small Donors Polarizing? A Longitudinal Study of the Senate},
  journal = {Election Law Journal: Rules, Politics, and Policy},
  volume  = {18},
  number  = {2},
  pages   = {132--144},
  year    = {2019},
  month   = {jun},
  doi     = {10.1089/elj.2018.0498}
}

@misc{klein2023gildedcorruption,
  author       = {Klein, Christopher},
  title        = {How the Gilded Age's Top 1 Percent Thrived on Corruption},
  howpublished = {History (A\&E Television Networks)},
  year         = {2023},
  month        = {sep},
  day          = {11},
  url          = {https://www.history.com/news/gilded-age-corruption-corporate-wealth}
}

@misc{lau2015citizensunited_explained,
  author       = {Lau, Tim},
  title        = {Citizens United Explained},
  howpublished = {Brennan Center for Justice},
  year         = {2015},
  month        = {jan},
  day          = {15},
  url          = {https://www.brennancenter.org/our-work/research-reports/citizens-united-explained}
}

@misc{leingang2024muskgrip,
  author       = {Leingang, Rachel},
  title        = {Elon Musk showcases grip on Washington by impeding spending bill},
  howpublished = {The Guardian},
  year         = {2024},
  month        = {dec},
  day          = {19},
  url          = {https://www.theguardian.com/technology/2024/dec/19/elon-musk-trump-government-shutdown}
}

@book{makinson2003speakingfreely,
  author    = {Makinson, Larry},
  title     = {Speaking Freely: Washington Insiders Talk about Money in Politics},
  edition   = {2},
  publisher = {Center for Responsive Politics},
  year      = {2003}
}

@misc{mccoy_press2022pernicious,
  author       = {McCoy, Jennifer and Press, Benjamin},
  title        = {What Happens When Democracies Become Perniciously Polarized?},
  howpublished = {Carnegie Endowment for International Peace},
  year         = {2022},
  month        = {jan},
  day          = {18},
  url          = {https://carnegieendowment.org/research/2022/01/what-happens-when-democracies-become-perniciously-polarized?lang=en}
}

@misc{menand2022americandemocracy,
  author       = {Menand, Louis},
  title        = {American Democracy Was Never Designed to Be Democratic},
  howpublished = {The New Yorker},
  year         = {2022},
  month        = {aug},
  day          = {15},
  url          = {https://www.newyorker.com/magazine/2022/08/22/american-democracy-was-never-designed-to-be-democratic-eric-holder-our-unfinished-march-nick-seabrook-one-person-one-vote-jacob-grumbach-laboratories-against-democracy},
  urldate      = {2025-01-24}
}

@article{peoples2010contributor,
  author  = {Peoples, Clayton D.},
  title   = {Contributor Influence in Congress: Social Ties and PAC Effects on U.S. House Policymaking},
  journal = {The Sociological Quarterly},
  volume  = {51},
  number  = {4},
  pages   = {649--677},
  year    = {2010},
  month   = {sep},
  doi     = {10.1111/j.1533-8525.2010.01187.x}
}

@misc{pildes2024polarization,
  author       = {Pildes, Richard H.},
  title        = {Campaign Finance and Political Polarization},
  howpublished = {SSRN},
  year         = {2024},
  doi         = {10.2139/ssrn.5032309},
  url          = {https://doi.org/10.2139/ssrn.5032309}
}

@misc{pino_fishman2025fifteenyears,
  author       = {Pino, Marina and Fishman, Julia},
  title        = {Fifteen Years Later, Citizens United Defined the 2024 Election},
  howpublished = {Brennan Center for Justice},
  year         = {2025},
  month        = {jan},
  day          = {14},
  url          = {https://www.brennancenter.org/our-work/research-reports/fifteen-years-later-citizens-united-defined-2024-election}
}

@misc{shear2024muskstrength,
  author       = {Shear, Michael D. and others},
  title        = {Elon Musk Flexes His Political Strength as Government Shutdown Looms},
  howpublished = {The New York Times},
  year         = {2024},
  month        = {dec},
  day          = {19},
  url          = {https://www.nytimes.com/2024/12/19/us/politics/elon-musk-politics.html}
}

@misc{taddonio2023frontline,
  author       = {Taddonio, Patrice},
  title        = {From the Archives: How the Citizens United Decision Changed U.S. Political Campaigns},
  howpublished = {FRONTLINE (PBS)},
  year         = {2023},
  month        = {feb},
  day          = {1},
  url          = {https://www.pbs.org/wgbh/frontline/article/archives-citizens-united-campaign-spending-documentary/}
}

@misc{tutella2024polarization_psu,
  author       = {Tutella, Francisco},
  title        = {Political polarization may slow legislation, make higher-stakes laws likelier},
  howpublished = {Penn State},
  year         = {2024},
  month        = {jan},
  day          = {26},
  url          = {https://www.psu.edu/news/research/story/political-polarization-may-slow-legislation-make-higher-stakes-laws-likelier}
}

@misc{vandewalker2024smalldonors,
  author       = {Vandewalker, Ian},
  title        = {Do Small Donors Cause Political Dysfunction?},
  howpublished = {Brennan Center for Justice},
  year         = {2024},
  month        = {may},
  day          = {8},
  url          = {https://www.brennancenter.org/our-work/research-reports/do-small-donors-cause-political-dysfunction}
}

@article{witko2011campaigncontributions,
  author  = {Witko, Christopher},
  title   = {Campaign Contributions, Access, and Government Contracting},
  journal = {Journal of Public Administration Research and Theory},
  volume  = {21},
  number  = {4},
  pages   = {761--778},
  year    = {2011},
  month   = {oct},
  doi     = {10.1093/jopart/mur005}
}

@misc{youvan2024trustgiants,
  author       = {Youvan, Douglas C.},
  title        = {The Trust Giants' Grasp: Corporate Power and Political Influence in the Gilded Age},
  howpublished = {ResearchGate},
  year         = {2024},
  doi         = {10.13140/RG.2.2.19913.35681},
  url          = {https://doi.org/10.13140/RG.2.2.19913.35681}
}
