@misc{asu_embryo_onechild,
  title        = {China's One Child Policy},
  howpublished = {The Embryo Project Encyclopedia},
  url          = {https://embryo.asu.edu/pages/chinas-one-child-policy}
}

@article{pmc4657744,
  title        = {The Effect of China’s One-Child Family Policy after 25 Years},
  journal      = {New England Journal of Medicine},
  volume       = {353},
  number       = {11},
  pages        = {1171--1176},
  year         = {2005},
  url          = {https://www.ncbi.nlm.nih.gov/pmc/articles/PMC4657744/}
}

@misc{britannica_onechild_consequences,
  title        = {Consequences of China's One-Child Policy},
  howpublished = {Encyclopaedia Britannica},
  url          = {https://www.britannica.com/topic/one-child-policy/Consequences-of-Chinas-one-child-policy}
}

@misc{investopedia_onechild,
  title        = {One-Child Policy},
  howpublished = {Investopedia},
  url          = {https://www.investopedia.com/terms/o/one-child-policy}
}

@misc{npr2021_onechild_legacy,
  title        = {The Legacy And The Lasting Effects Of China's One-Child Policy},
  howpublished = {NPR},
  year         = {2021},
  month        = {jun},
  day          = {21},
  url          = {https://www.npr.org/2021/06/21/1008656293/the-legacy-of-the-lasting-effects-of-chinas-1-child-policy}
}

@misc{pew2022_chinapopulation,
  title        = {Key facts about China’s declining population},
  howpublished = {Pew Research Center},
  year         = {2022},
  month        = {dec},
  day          = {5},
  url          = {https://www.pewresearch.org/short-reads/2022/12/05/key-facts-about-chinas-declining-population/}
}

@misc{imf2020_changingdemographics,
  author       = {Bloom, David E.},
  title        = {Changing demographics and economic growth},
  howpublished = {Finance \& Development, IMF},
  year         = {2020},
  month        = {mar},
  url          = {https://www.imf.org/en/Publications/fandd/issues/2020/03/changing-demographics-and-economic-growth-bloom}
}

@misc{canterbury2014_workingpaper,
  title        = {Working Paper 2014},
  howpublished = {University of Canterbury},
  url          = {https://repec.canterbury.ac.nz/cbt/econwp/2014.pdf}
}

@misc{ntu_onedraft,
  title        = {One Child Policy Draft Paper},
  howpublished = {National Taiwan University},
  url          = {https://homepage.ntu.edu.tw/~pjliaoteach/one_draft042512_final.pdf}
}

@misc{wef2013_easing_onechild,
  title        = {What does China’s easing of the one-child rule mean for the economy?},
  howpublished = {World Economic Forum},
  year         = {2013},
  month        = {nov},
  url          = {https://www.weforum.org/agenda/2013/11/what-does-chinas-easing-of-the-one-child-rule-mean-for-the-economy/}
}

@misc{pbs2024_onechild_economy,
  title        = {Is China’s one-child policy to blame for its economic slowdown?},
  howpublished = {PBS NewsHour},
  url          = {https://www.pbs.org/newshour/economy/is-chinas-one-child-policy-to-blame-for-its-economic-slowdown}
}

@misc{worldbank_gender_china,
  title        = {Gender Data Portal: China},
  howpublished = {World Bank},
  url          = {https://genderdata.worldbank.org/en/economies/china}
}

@misc{eiu2035_demographic,
  title        = {China’s demographic outlook and implications for 2035},
  howpublished = {Economist Intelligence Unit},
  url          = {https://www.eiu.com/n/chinas-demographic-outlook-and-implications-for-2035/}
}

@misc{prnewswire2017_housingmarket,
  title        = {Did China’s One Child Policy Lead to an Inflated Housing Market?},
  howpublished = {PR Newswire},
  year         = {2017},
  url          = {https://www.prnewswire.com/news-releases/did-chinas-one-child-policy-lead-to-an-inflated-housing-market-new-research-from-columbia-business-argues-yes-300573361.html}
}

@misc{imf2024_realestate,
  title        = {China’s Real Estate Sector: Managing the Medium-Term Slowdown},
  howpublished = {IMF News},
  year         = {2024},
  month        = {feb},
  day          = {2},
  url          = {https://www.imf.org/en/News/Articles/2024/02/02/cf-chinas-real-estate-sector-managing-the-medium-term-slowdown}
}

@misc{reuters2021_threechildren,
  title        = {China says each couple can have three children, changing policy},
  howpublished = {Reuters},
  year         = {2021},
  month        = {may},
  day          = {31},
  url          = {https://www.reuters.com/world/china/china-says-each-couple-can-have-three-children-change-policy-2021-05-31/}
}

@misc{apnews_china_trade,
  title        = {China trade exports imports},
  howpublished = {Associated Press},
  url          = {https://apnews.com/article/china-trade-exports-imports-b25c21299101d2483f946a0ce264662f}
}

@misc{bbc2023_business,
  title        = {BBC Business News China},
  howpublished = {BBC},
  year         = {2023},
  month        = {sep},
  url          = {https://www.bbc.com/news/business-66840367}
}

@misc{piie2022_tradewar,
  title        = {Four Years of Trade War: Are US and China Decoupling?},
  howpublished = {Peterson Institute for International Economics},
  url          = {https://www.piie.com/blogs/realtime-economics/four-years-trade-war-are-us-and-china-decoupling#:~:text=Overall%20the%20trade%20war%20has,have%20since%20recovered%20only%20slowly.}
}

@misc{cepr_voxeu_savingpuzzle,
  title        = {China’s one-child policy and the saving puzzle},
  howpublished = {VoxEU, CEPR},
  url          = {https://cepr.org/voxeu/columns/chinas-one-child-policy-and-saving-puzzle}
}

@misc{cbo2010_savingrate,
  title        = {Why Is China’s National Saving Rate So High?},
  howpublished = {Congressional Budget Office Working Paper},
  year         = {2010},
  url          = {https://www.cbo.gov/sites/default/files/111th-congress-2009-2010/workingpaper/2010-07-chinasavingrate_0.pdf}
}

@misc{yale2014_savingrate,
  title        = {One Child Policy and Savings},
  howpublished = {Yale Economics},
  url          = {https://economics.yale.edu/sites/default/files/tahamaclunch100214_2.pdf}
}

@misc{projectsyndicate2021_seximbalance,
  title        = {China’s Sex Imbalance: Impact on Savings, Trade, and Workplaces},
  howpublished = {Project Syndicate},
  year         = {2021},
  month        = {may},
  url          = {https://www.project-syndicate.org/commentary/china-sex-imbalance-impact-on-savings-trade-and-workplaces-by-shang-jin-wei-2021-05}
}

@misc{cnbc2023_propertycrisis,
  title        = {What China’s slow-motion property crisis means for the global economy},
  howpublished = {CNBC},
  year         = {2023},
  month        = {oct},
  day          = {27},
  url          = {https://www.cnbc.com/2023/10/27/what-chinas-slow-motion-property-crisis-means-for-the-global-economy.html}
}

@misc{savills2024_realestate,
  title        = {Real estate markets to be invigorated as growing pool of buyers and sellers look to make a splash},
  howpublished = {Savills},
  url          = {https://www.savills.co.uk/blog/article/356308/commercial-property/real-estate-markets-to-be-invigorated-as-growing-pool-of-buyers-and-sellers-look-to-make-a-splash.aspx}
}

@misc{bloomberg2024_realestatecrisis,
  title        = {China’s Real Estate Crisis Is Starting to Ripple Across the World},
  howpublished = {Bloomberg},
  year         = {2024},
  month        = {feb},
  day          = {9},
  url          = {https://www.bloomberg.com/news/articles/2024-02-09/china-s-real-estate-crisis-is-starting-to-ripple-across-the-world}
}

@misc{eastasiaforum2023_realestate,
  title        = {Diminishing returns on real estate threaten Chinese economic growth},
  howpublished = {East Asia Forum},
  year         = {2023},
  month        = {dec},
  day          = {7},
  url          = {https://eastasiaforum.org/2023/12/07/diminishing-returns-on-real-estate-threaten-chinese-economic-growth}
}

@misc{federalreserve_ifdp1260,
  title        = {Demographic Trends and China’s Long-Term Growth Prospects},
  howpublished = {Federal Reserve IFDP Paper 1260},
  url          = {https://www.federalreserve.gov/econres/ifdp/files/ifdp1260.pdf}
}
