@article{bailey2010mommas,
  author    = {Bailey, M. J.},
  title     = {“Momma’s Got the Pill”: How Anthony Comstock and Griswold v. Connecticut Shaped US Childbearing},
  journal   = {American Economic Review},
  volume    = {100},
  number    = {1},
  pages     = {98--129},
  year      = {2010},
  doi       = {10.1257/aer.100.1.98},
  url       = {https://doi.org/10.1257/aer.100.1.98}
}

@incollection{becker1960economic,
  author    = {Becker, G. S.},
  title     = {An economic analysis of fertility},
  booktitle = {NBER Chapters},
  pages     = {209--240},
  year      = {1960},
  url       = {https://ideas.repec.org//h/nbr/nberch/2387.html}
}

@misc{bricker2021birthrates,
  author       = {Bricker, D.},
  title        = {Birthrates are declining globally – here’s why it matters},
  howpublished = {World Economic Forum},
  year         = {2021},
  month        = {jun},
  day          = {15},
  url          = {https://www.weforum.org/agenda/2021/06/birthrates-declining-globally-why-matters/}
}

@book{easterlin1987birth,
  author    = {Easterlin, R. A.},
  title     = {Birth and Fortune: The Impact of Numbers on Personal Welfare},
  publisher = {University of Chicago Press},
  year      = {1987},
  url       = {https://press.uchicago.edu/ucp/books/book/chicago/B/bo3633710.html}
}

@misc{frejka2017half,
  author       = {Frejka, T.},
  title        = {Half the world’s population reaching below replacement fertility},
  howpublished = {N-Iussp},
  year         = {2017},
  month        = {dec},
  day          = {4},
  url          = {https://www.niussp.org/fertility-and-reproduction/half-the-worlds-population-reaching-below-replacement-fertility/}
}

@article{jarzebski2021ageing,
  author    = {Jarzebski, M. P. and Elmqvist, T. and Gasparatos, A. and Fukushi, K. and Eckersten, S. and Haase, D. and Goodness, J. and Khoshkar, S. and Saito, O. and Takeuchi, K. and Theorell, T. and Dong, N. and Kasuga, F. and Watanabe, R. and Sioen, G. B. and Yokohari, M. and Pu, J.},
  title     = {Ageing and population shrinking: Implications for sustainability in the urban century},
  journal   = {npj Urban Sustainability},
  volume    = {1},
  number    = {1},
  pages     = {1--11},
  year      = {2021},
  doi       = {10.1038/s42949-021-00023-z},
  url       = {https://doi.org/10.1038/s42949-021-00023-z}
}

@article{jones2022end,
  author    = {Jones, C. I.},
  title     = {The end of economic growth? Unintended consequences of a declining population},
  journal   = {American Economic Review},
  volume    = {112},
  number    = {11},
  pages     = {3489--3527},
  year      = {2022},
  doi       = {10.1257/aer.20201605},
  url       = {https://doi.org/10.1257/aer.20201605}
}

@incollection{kearney2023causes,
  author    = {Kearney, M. S. and Ganz, A. and Kearney, M. S. and Levine, P. B.},
  title     = {The Causes and Consequences of Declining US Fertility},
  booktitle = {Economic policy in a more uncertain world},
  editor    = {Kearney, M. S. and Levine, P. B.},
  publisher = {The Aspen Institute},
  year      = {2023},
  url       = {https://www.economicstrategygroup.org/wp-content/uploads/2022/08/Kearney_Levine_081222.pdf}
}

@incollection{kohler2006low,
  author    = {Kohler, H.-P. and Billari, F. C. and Ortega, J. A.},
  title     = {Low Fertility in Europe: Causes, Implications and Policy Options},
  booktitle = {The baby bust: Who will do the work? Who will pay the taxes?},
  editor    = {Harris, F. R.},
  publisher = {Rowman \& Littlefield},
  year      = {2006}
}

@article{lee2010fertility,
  author    = {Lee, R. and Mason, A.},
  title     = {Fertility, human capital, and economic growth over the demographic transition},
  journal   = {European Journal of Population = Revue Europeenne De Demographie},
  volume    = {26},
  number    = {2},
  pages     = {159--182},
  year      = {2010},
  doi       = {10.1007/s10680-009-9186-x},
  url       = {https://doi.org/10.1007/s10680-009-9186-x}
}

@article{lee2014low,
  author    = {Lee, R. and Mason, A.},
  title     = {Is low fertility really a problem? Population aging, dependency, and consumption},
  journal   = {Science (New York, N.Y.)},
  volume    = {346},
  number    = {6206},
  pages     = {229--234},
  year      = {2014},
  doi       = {10.1126/science.1250542},
  url       = {https://doi.org/10.1126/science.1250542}
}

@misc{lino2017cost,
  author       = {Lino, M.},
  title        = {The cost of raising a child},
  howpublished = {USDA blog},
  year         = {2017},
  month        = {jan},
  day          = {13},
  url          = {https://www.usda.gov/media/blog/2017/01/13/cost-raising-child}
}

@misc{newport2022slowdown,
  author       = {Newport, F.},
  title        = {Slowdown in the rise of religious nones},
  howpublished = {Gallup},
  year         = {2022},
  month        = {dec},
  day          = {9},
  url          = {https://news.gallup.com/opinion/polling-matters/406544/slowdown-rise-religious-nones.aspx}
}

@article{skakkebaek2022environmental,
  author    = {Skakkebæk, N. E. and Lindahl-Jacobsen, R. and Levine, H. and Andersson, A.-M. and Jørgensen, N. and Main, K. M. and Lidegaard, Ø. and Priskorn, L. and Holmboe, S. A. and Bräuner, E. V. and Almstrup, K. and Franca, L. R. and Znaor, A. and Kortenkamp, A. and Hart, R. J. and Juul, A.},
  title     = {Environmental factors in declining human fertility},
  journal   = {Nature Reviews Endocrinology},
  volume    = {18},
  number    = {3},
  pages     = {139--157},
  year      = {2022},
  doi       = {10.1038/s41574-021-00598-8},
  url       = {https://doi.org/10.1038/s41574-021-00598-8}
}

@article{solow1956contribution,
  author    = {Solow, R. M.},
  title     = {A contribution to the theory of economic growth},
  journal   = {Quarterly Journal of Economics},
  volume    = {70},
  number    = {1},
  pages     = {65--94},
  year      = {1956},
  doi       = {10.2307/1884513},
  url       = {https://doi.org/10.2307/1884513}
}

@misc{stern2022ways,
  author       = {Stern, L. N. and Lankes, H. P. and Pierfederici, R.},
  title        = {4 ways to make economic growth sustainable, resilient and inclusive},
  howpublished = {World Economic Forum},
  year         = {2022},
  month        = {jul},
  day          = {13},
  url          = {https://www.weforum.org/agenda/2022/07/sustainable-resilient-inclusive-economic-growth/}
}

@misc{tan2020lessons,
  author       = {Tan, P. L.},
  title        = {Lessons from Singapore on raising fertility rates – IMF F\&D},
  howpublished = {IMF},
  year         = {2020},
  month        = {mar},
  url          = {https://www.imf.org/en/Publications/fandd/issues/2020/03/lessons-from-singapore-on-raising-fertility-rates-tan}
}

@misc{thelancet2024dramatic,
  title        = {The lancet: Dramatic declines in global fertility rates set to transform global population patterns by 2100},
  howpublished = {Health Data News},
  year         = {2024},
  month        = {mar},
  day          = {20},
  url          = {https://www.healthdata.org/news-events/newsroom/news-releases/lancet-dramatic-declines-global-fertility-rates-set-transform}
}

@misc{usafacts2022childcare,
  author       = {{USAFacts Team}},
  title        = {How much are families spending on childcare?},
  howpublished = {USAFacts},
  year         = {2022},
  month        = {apr},
  day          = {7},
  url          = {https://usafacts.org/articles/how-much-are-families-spending-on-childcare/}
}
