@article{jones2002,
  author    = {Jones, Camara Phyllis},
  title     = {Confronting Institutionalized Racism},
  journal   = {Phylon (1960\-)},
  volume    = {50},
  number    = {1/2},
  pages     = {7--22},
  year      = {2002},
  doi       = {10.2307/4149999},
  url       = {https://doi.org/10.2307/4149999},
  urldate   = {2024-06-28}
}

@misc{pew2023,
  title     = {Asian Americans and Discrimination during the COVID-19 Pandemic},
  howpublished = {Pew Research Center},
  year      = {2023},
  month     = {nov},
  day       = {30},
  url       = {https://www.pewresearch.org/2023/11/30/asian-americans-and-discrimination-during-the-covid-19-pandemic/},
  urldate   = {2024-06-28}
}

@article{jackson2005,
  author    = {Jackson, John P. and Weidman, Nadine M.},
  title     = {The Origins of Scientific Racism},
  journal   = {The Journal of Blacks in Higher Education},
  number    = {50},
  pages     = {66--79},
  year      = {2005},
  url       = {https://www.jstor.org/stable/25073379},
  urldate   = {2024-06-28}
}

@misc{kronenwetter2024,
  author       = {Kronenwetter, Michael},
  title        = {Civil Rights Movement},
  howpublished = {American History, ABC-CLIO},
  year         = {2024},
  url          = {https://americanhistory.abc-clio.com/Search/Display/256027},
  urldate      = {2024-06-28}
}

@misc{racialprofiling2024,
  title        = {Racial Profiling: Background},
  howpublished = {Issues: Understanding Controversy and Society, ABC-CLIO},
  year         = {2024},
  url          = {https://issues.abc-clio.com/Topics/Display/1075513?cid=172},
  urldate      = {2024-06-28}
}

@misc{reed2024,
  author       = {Reed, Monica},
  title        = {Racism: Background},
  howpublished = {Issues: Understanding Controversy and Society, ABC-CLIO},
  year         = {2024},
  url          = {https://issues.abc-clio.com/Topics/Display/2250292?cid=172},
  urldate      = {2024-06-28}
}

@misc{stewart2024,
  author       = {Stewart, Chuck},
  title        = {Affirmative Action: Current View \& Outlook},
  howpublished = {Issues: Understanding Controversy and Society, ABC-CLIO},
  year         = {2024},
  url          = {https://issues.abc-clio.com/Topics/Display/913329?cid=70},
  urldate      = {2024-06-28}
}

@misc{smedley2024,
  author       = {Smedley, Audrey and Wade, Peter and Takezawa, Yasuko I.},
  title        = {Race},
  howpublished = {Encyclopedia Britannica},
  year         = {2024},
  url          = {https://www.britannica.com/topic/race-human},
  urldate      = {2024-06-29}
}

@misc{kipling1899,
  author       = {Kipling, Rudyard},
  title        = {The White Man’s Burden},
  howpublished = {Google Books},
  year         = {1899},
  url          = {https://books.google.com/books?id=8GFBAQAAMAAJ},
  urldate      = {2024-06-30}
}

@misc{findling2022,
  author       = {Findling, Mary},
  title        = {COVID-19 Has Driven Racism and Violence Against Asian Americans: Perspectives From 12 National Polls},
  howpublished = {Health Affairs Forefront},
  year         = {2022},
  url          = {https://www.healthaffairs.org/content/forefront/covid-19-has-driven-racism-and-violence-against-asian-americans-perspectives-12},
  urldate      = {2024-06-30}
}

@article{hswen2021,
  author    = {Hswen, Yulin},
  title     = {Association of “\#covid19” Versus “\#chinesevirus” With Anti-Asian Sentiments on Twitter},
  journal   = {American Journal of Public Health},
  volume    = {111},
  year      = {2021},
  doi       = {10.2105/AJPH.2021.306154},
  url       = {https://doi.org/10.2105/AJPH.2021.306154},
  urldate   = {2024-06-30}
}

@misc{gisselquist2024,
  author       = {Gisselquist, Rachel},
  title        = {Affirmative Action Policies to Increase Diversity Are Successful, but Controversial, Around the World},
  howpublished = {United Nations University},
  year         = {2024},
  url          = {https://unu.edu/article/affirmative-action-policies-increase-diversity-are-successful-controversial-around-world},
  urldate      = {2024-06-30}
}
