@article{allen2024,
  author    = {Allen, Kelly-Ann and others},
  title     = {Adolescent School Belonging and Mental Health Outcomes in Young Adulthood: Findings from a Multi-wave Prospective Cohort Study},
  journal   = {School Mental Health},
  volume    = {16},
  number    = {1},
  pages     = {149--160},
  year      = {2024},
  month     = {jan},
  day       = {16},
  doi       = {10.1007/s12310-023-09626-6},
  url       = {https://doi.org/10.1007/s12310-023-09626-6},
  urldate   = {2024-12-15}
}

@phdthesis{almroth2019,
  author    = {Almroth, Melody},
  title     = {Adolescents' Future Academic Prospects: Predictors and Mental Health Outcomes},
  school    = {Karolinska Institutet},
  address   = {Sweden},
  type      = {PhD dissertation},
  year      = {2019},
  url       = {https://www.proquest.com/dissertations-theses/adolescents-future-academic-prospects-predictors/docview/2494255388/se-2?accountid=5245},
  note      = {Abstract}
}

@article{boness2021,
  author    = {Boness, Cassandra L. and others},
  title     = {Crisis Line Services: A 12‚Äêmonth Descriptive Analysis of Callers, Call Content, and Referrals},
  journal   = {Health \& Social Care in the Community},
  volume    = {29},
  number    = {3},
  pages     = {738--745},
  year      = {2021},
  month     = {mar},
  day       = {4},
  doi       = {10.1111/hsc.13325},
  url       = {https://doi.org/10.1111/hsc.13325}
}

@article{chen2024,
  author    = {Chen, Baoling and others},
  title     = {The Relationship between Academic Stress and Depression among College Students during the COVID-19 Pandemic: A Cross-sectional Study from China},
  journal   = {BMC Psychiatry},
  volume    = {24},
  pages     = {1--14},
  year      = {2024},
  doi       = {10.1186/s12888-024-05506-8},
  url       = {https://doi.org/10.1186/s12888-024-05506-8}
}

@misc{claney2023,
  editor    = {Claney, Carly},
  title     = {Relational Psych},
  year      = {2023},
  month     = {aug},
  day       = {8},
  url       = {https://www.relationalpsych.group/articles/exploring-the-impact-of-school-stress-on-teens-emotional-well-being},
  urldate   = {2025-01-16}
}

@article{cordovaolivera2023,
  author    = {C{\'o}rdova Olivera, Pamela and others},
  title     = {Academic Stress as a Predictor of Mental Health in University Students},
  journal   = {Cogent Education},
  volume    = {10},
  number    = {2},
  year      = {2023},
  month     = {jul},
  day       = {6},
  doi       = {10.1080/2331186x.2023.2232686},
  url       = {https://doi.org/10.1080/2331186x.2023.2232686}
}

@article{duan2016,
  author    = {Duan, Wenjie},
  title     = {The Benefits of Personal Strengths in Mental Health of Stressed Students: A Longitudinal Investigation},
  journal   = {Quality of Life Research},
  volume    = {25},
  number    = {11},
  pages     = {2879--2888},
  year      = {2016},
  url       = {https://www.jstor.org/stable/44852735},
  urldate   = {2024-12-15}
}

@article{mcleod2012,
  author    = {McLeod, Jane D. and others},
  title     = {Adolescent Mental Health, Behavior Problems, and Academic Achievement},
  journal   = {Journal of Health and Social Behavior},
  volume    = {53},
  number    = {4},
  pages     = {482--497},
  year      = {2012},
  url       = {https://www.jstor.org/stable/41725233},
  urldate   = {2024-12-15}
}

@misc{wfu2025,
  author    = {{Wake Forest University}},
  title     = {School Stress Management: Tips and Strategies for Students of All Ages},
  year      = {2025},
  url       = {https://counseling.online.wfu.edu/blog/school-stress-management-for-students/},
  urldate   = {2025-01-23}
}

@misc{sha2023,
  author    = {Sha, William},
  editor    = {Labott-Smith, Susan},
  title     = {Stress effects on the body},
  howpublished = {American Psychological Association},
  year      = {2023},
  month     = {mar},
  day       = {8},
  url       = {https://www.apa.org/topics/stress/body},
  urldate   = {2025-01-22}
}

@misc{apa2014stress,
  title     = {Stress and Exercise},
  howpublished = {American Psychological Association},
  year      = {2014},
  url       = {https://www.apa.org/news/press/releases/stress/2013/exercise},
  urldate   = {2025-02-05}
}

@article{versteeg2022,
  author    = {Versteeg, Melissa and others},
  title     = {Predicting Student Engagement: The Role of Academic Belonging, Social Integration, and Resilience during COVID-19 Emergency Remote Teaching},
  journal   = {Frontiers in Public Health},
  volume    = {10},
  number    = {3},
  pages     = {738--745},
  year      = {2022},
  month     = {mar},
  day       = {18},
  doi       = {10.3389/fpubh.2022.849594},
  url       = {https://doi.org/10.3389/fpubh.2022.849594}
}
